[
  {
    "app_id": 284815942,
    "name": "Google",
    "publisher_name": "Google",
    "icon_url": "https://is1-ssl.mzstatic.com/image/thumb/Purple211/v4/88/e3/d8/88e3d8f5-cc9f-1712-2a2f-673db7ba92f5/logo_gsa_gradient_ios_color-0-1x_U007epad-0-0-0-1-0-0-sRGB-0-0-0-85-220-0.png/150x150bb.jpg",
    "category": "Utilities",
    "chart_type": "Top Free",
    "rank": 1,
    "rating": 4.65366,
    "revenue": 200000,
    "downloads": 9000000,
    "has_iap": true,
    "price": 0.0,
    "release_date": "2008-07-11T00:00:00Z",
    "updated_date": "2026-02-09T00:00:00Z",
    "app_age_years": 17.6,
    "charts": [
      {
        "category": "Utilities",
        "chart": "Top Free",
        "rank": 1
      }
    ]
  },
  {
    "app_id": 535886823,
    "name": "Google Chrome",
    "publisher_name": "Google",
    "icon_url": "https://is1-ssl.mzstatic.com/image/thumb/Purple221/v4/38/3d/aa/383daa22-fbf4-cf0f-dd1f-b72b26ba5f2a/AppIcon-0-0-1x_U007epad-0-0-0-1-0-0-sRGB-85-220.png/150x150bb.jpg",
    "category": "Utilities",
    "chart_type": "Top Free",
    "rank": 2,
    "rating": 4.69083,
    "revenue": 8000,
    "downloads": 8000000,
    "has_iap": true,
    "price": 0.0,
    "release_date": "2012-06-28T00:00:00Z",
    "updated_date": "2026-02-11T00:00:00Z",
    "app_age_years": 13.6,
    "charts": [
      {
        "category": "Utilities",
        "chart": "Top Free",
        "rank": 2
      }
    ]
  },
  {
    "app_id": 6473368591,
    "name": "Smart Election Management BD",
    "publisher_name": "Bangladesh Election Commission",
    "icon_url": "https://is1-ssl.mzstatic.com/image/thumb/Purple221/v4/f9/78/a5/f978a560-b89a-4de1-0e19-d3b1eaf0ed69/AppIcon-0-0-1x_U007emarketing-0-8-0-85-220.png/150x150bb.jpg",
    "category": "Utilities",
    "chart_type": "Top Free",
    "rank": 3,
    "rating": 3.68831,
    "revenue": 1000,
    "downloads": 1000,
    "has_iap": false,
    "price": 0.0,
    "release_date": "2023-12-16T00:00:00Z",
    "updated_date": "2026-02-11T00:00:00Z",
    "app_age_years": 2.2,
    "charts": [
      {
        "category": "Utilities",
        "chart": "Top Free",
        "rank": 3
      }
    ]
  },
  {
    "app_id": 388497605,
    "name": "Google Authenticator",
    "publisher_name": "Google",
    "icon_url": "https://is1-ssl.mzstatic.com/image/thumb/Purple221/v4/03/d4/46/03d44685-ea33-e111-f193-8c6830fd2591/app_icon-0-1x_U007epad-0-0-0-1-0-0-0-85-220-0.png/150x150bb.jpg",
    "category": "Utilities",
    "chart_type": "Top Free",
    "rank": 4,
    "rating": 4.85242,
    "revenue": 1000,
    "downloads": 3000000,
    "has_iap": false,
    "price": 0.0,
    "release_date": "2010-09-20T00:00:00Z",
    "updated_date": "2026-01-05T00:00:00Z",
    "app_age_years": 15.4,
    "charts": [
      {
        "category": "Utilities",
        "chart": "Top Free",
        "rank": 4
      }
    ]
  },
  {
    "app_id": 663592361,
    "name": "DuckDuckGo, Duck.ai (optional)",
    "publisher_name": "DuckDuckGo, Inc.",
    "icon_url": "https://is1-ssl.mzstatic.com/image/thumb/Purple211/v4/d8/44/b0/d844b0d8-1a17-30ae-f2d1-31a7d47e8669/AppIcon-0-0-1x_U007epad-0-0-0-1-0-0-0-85-220.png/150x150bb.jpg",
    "category": "Utilities",
    "chart_type": "Top Free",
    "rank": 5,
    "rating": 4.849,
    "revenue": 300000,
    "downloads": 600000,
    "has_iap": true,
    "price": 0.0,
    "release_date": "2013-06-27T00:00:00Z",
    "updated_date": "2026-02-09T00:00:00Z",
    "app_age_years": 12.6,
    "charts": [
      {
        "category": "Utilities",
        "chart": "Top Free",
        "rank": 5
      }
    ]
  },
  {
    "app_id": 1539090879,
    "name": "TV Remote - Universal Control",
    "publisher_name": "EVOLLY.APP",
    "icon_url": "https://is1-ssl.mzstatic.com/image/thumb/Purple221/v4/63/37/57/6337576c-1a17-9802-26de-af3c53db4270/AppIcon-0-0-1x_U007emarketing-0-8-0-85-220.png/150x150bb.jpg",
    "category": "Utilities",
    "chart_type": "Top Free",
    "rank": 6,
    "rating": 4.4393,
    "revenue": 1000000,
    "downloads": 600000,
    "has_iap": true,
    "price": 0.0,
    "release_date": "2020-11-19T00:00:00Z",
    "updated_date": "2025-12-22T00:00:00Z",
    "app_age_years": 5.2,
    "charts": [
      {
        "category": "Utilities",
        "chart": "Top Free",
        "rank": 6
      },
      {
        "category": "Utilities",
        "chart": "Top Grossing",
        "rank": 10
      }
    ]
  },
  {
    "app_id": 1288723196,
    "name": "Microsoft Edge: AI Browser",
    "publisher_name": "Microsoft Corporation",
    "icon_url": "https://is1-ssl.mzstatic.com/image/thumb/Purple211/v4/82/ea/c6/82eac686-2693-c61c-1c4e-8d588f134a24/AppIcon-0-0-1x_U007epad-0-0-0-1-0-0-0-85-220.png/150x150bb.jpg",
    "category": "Utilities",
    "chart_type": "Top Free",
    "rank": 7,
    "rating": 4.71426,
    "revenue": 1000,
    "downloads": 2000000,
    "has_iap": true,
    "price": 0.0,
    "release_date": "2017-12-13T00:00:00Z",
    "updated_date": "2026-02-09T00:00:00Z",
    "app_age_years": 8.2,
    "charts": [
      {
        "category": "Utilities",
        "chart": "Top Free",
        "rank": 7
      }
    ]
  },
  {
    "app_id": 1510944943,
    "name": "Cleanup: Phone Storage Cleaner",
    "publisher_name": "DEEP FLOW SOFTWARE SERVICES",
    "icon_url": "https://is1-ssl.mzstatic.com/image/thumb/Purple221/v4/0d/24/8b/0d248b0b-ed8c-7c50-6650-db9c0e9725b6/AppIcon-0-0-1x_U007ephone-0-1-0-0-85-220.png/150x150bb.jpg",
    "category": "Utilities",
    "chart_type": "Top Free",
    "rank": 8,
    "rating": 4.67231,
    "revenue": 10000000,
    "downloads": 2000000,
    "has_iap": true,
    "price": 0.0,
    "release_date": "2020-12-05T00:00:00Z",
    "updated_date": "2026-02-10T00:00:00Z",
    "app_age_years": 5.2,
    "charts": [
      {
        "category": "Utilities",
        "chart": "Top Free",
        "rank": 8
      },
      {
        "category": "Utilities",
        "chart": "Top Grossing",
        "rank": 1
      }
    ]
  },
  {
    "app_id": 1476380919,
    "name": "Cleaner Guru: Clean Up Storage",
    "publisher_name": "GM UniverseApps Limited",
    "icon_url": "https://is1-ssl.mzstatic.com/image/thumb/Purple221/v4/1f/1c/9d/1f1c9de8-a75d-6db1-e2b7-9f034e2baf6c/AppIcon-0-0-1x_U007ephone-0-1-0-85-220.png/150x150bb.jpg",
    "category": "Utilities",
    "chart_type": "Top Free",
    "rank": 9,
    "rating": 4.53335,
    "revenue": 6000000,
    "downloads": 2000000,
    "has_iap": true,
    "price": 0.0,
    "release_date": "2019-11-06T00:00:00Z",
    "updated_date": "2026-02-06T00:00:00Z",
    "app_age_years": 6.3,
    "charts": [
      {
        "category": "Utilities",
        "chart": "Top Free",
        "rank": 9
      },
      {
        "category": "Utilities",
        "chart": "Top Grossing",
        "rank": 3
      }
    ]
  },
  {
    "app_id": 309172177,
    "name": "myAT&T",
    "publisher_name": "AT&T Services, Inc.",
    "icon_url": "https://is1-ssl.mzstatic.com/image/thumb/Purple221/v4/d6/13/c8/d613c872-c1f6-57bb-7d90-21e945fbcda8/AppIcon-0-0-1x_U007emarketing-0-8-0-sRGB-85-220.png/150x150bb.jpg",
    "category": "Utilities",
    "chart_type": "Top Free",
    "rank": 10,
    "rating": 4.02592,
    "revenue": 1000,
    "downloads": 400000,
    "has_iap": false,
    "price": 0.0,
    "release_date": null,
    "updated_date": "2025-12-18T00:00:00Z",
    "app_age_years": null,
    "charts": [
      {
        "category": "Utilities",
        "chart": "Top Free",
        "rank": 10
      }
    ]
  },
  {
    "app_id": 416023011,
    "name": "My Verizon",
    "publisher_name": "Verizon Wireless",
    "icon_url": "https://is1-ssl.mzstatic.com/image/thumb/Purple211/v4/b6/f3/1f/b6f31f34-a793-dcca-5fa3-315a5ae7cac8/AppIcon-0-0-1x_U007epad-0-1-0-0-85-220.png/150x150bb.jpg",
    "category": "Utilities",
    "chart_type": "Top Free",
    "rank": 11,
    "rating": 4.66115,
    "revenue": 1000,
    "downloads": 500000,
    "has_iap": false,
    "price": 0.0,
    "release_date": "2011-02-03T00:00:00Z",
    "updated_date": "2026-02-02T00:00:00Z",
    "app_age_years": 15.0,
    "charts": [
      {
        "category": "Utilities",
        "chart": "Top Free",
        "rank": 11
      }
    ]
  },
  {
    "app_id": 905953485,
    "name": "NordVPN: VPN Fast & Secure",
    "publisher_name": "Nordvpn S.A.",
    "icon_url": "https://is1-ssl.mzstatic.com/image/thumb/Purple211/v4/a8/12/2d/a8122d88-580f-4816-9b9b-9c289fdc8ada/AppIcon-0-0-1x_U007epad-0-1-0-sRGB-85-220.png/150x150bb.jpg",
    "category": "Utilities",
    "chart_type": "Top Free",
    "rank": 12,
    "rating": 4.66439,
    "revenue": 9000000,
    "downloads": 1000000,
    "has_iap": true,
    "price": 0.0,
    "release_date": "2014-12-09T00:00:00Z",
    "updated_date": "2026-02-09T00:00:00Z",
    "app_age_years": 11.2,
    "charts": [
      {
        "category": "Utilities",
        "chart": "Top Free",
        "rank": 12
      },
      {
        "category": "Utilities",
        "chart": "Top Grossing",
        "rank": 4
      }
    ]
  },
  {
    "app_id": 1178765645,
    "name": "Xfinity",
    "publisher_name": "Comcast",
    "icon_url": "https://is1-ssl.mzstatic.com/image/thumb/Purple211/v4/45/ac/fa/45acfa8e-b933-0e7d-0675-27e076bd6eb9/AppIcon-0-0-1x_U007ephone-0-9-0-0-85-220.png/150x150bb.jpg",
    "category": "Utilities",
    "chart_type": "Top Free",
    "rank": 13,
    "rating": 4.29819,
    "revenue": 1000,
    "downloads": 300000,
    "has_iap": false,
    "price": 0.0,
    "release_date": "2017-04-18T00:00:00Z",
    "updated_date": "2026-01-29T00:00:00Z",
    "app_age_years": 8.8,
    "charts": [
      {
        "category": "Utilities",
        "chart": "Top Free",
        "rank": 13
      }
    ]
  },
  {
    "app_id": 1050171910,
    "name": "Free VPN by Free VPN .org\u2122",
    "publisher_name": "Free VPN LLC",
    "icon_url": "https://is1-ssl.mzstatic.com/image/thumb/Purple211/v4/ae/2f/e7/ae2fe7b7-8cc7-6994-c85c-575e5b6bd202/IFV-0-0-1x_U007epad-0-1-0-sRGB-85-220.png/150x150bb.jpg",
    "category": "Utilities",
    "chart_type": "Top Free",
    "rank": 14,
    "rating": 4.52916,
    "revenue": 700000,
    "downloads": 600000,
    "has_iap": true,
    "price": 0.0,
    "release_date": "2015-11-16T00:00:00Z",
    "updated_date": "2026-02-06T00:00:00Z",
    "app_age_years": 10.2,
    "charts": [
      {
        "category": "Utilities",
        "chart": "Top Free",
        "rank": 14
      }
    ]
  },
  {
    "app_id": 947984433,
    "name": "Amazon Fire TV",
    "publisher_name": "AMZN Mobile LLC",
    "icon_url": "https://is1-ssl.mzstatic.com/image/thumb/Purple211/v4/6a/7e/a3/6a7ea376-d5b9-cb63-e463-ccc28a63dfff/AppIcon-1x_U007epad-0-1-85-220-0.png/150x150bb.jpg",
    "category": "Utilities",
    "chart_type": "Top Free",
    "rank": 15,
    "rating": 4.52914,
    "revenue": 1000,
    "downloads": 700000,
    "has_iap": false,
    "price": 0.0,
    "release_date": "2015-10-28T00:00:00Z",
    "updated_date": "2026-02-05T00:00:00Z",
    "app_age_years": 10.3,
    "charts": [
      {
        "category": "Utilities",
        "chart": "Top Free",
        "rank": 15
      }
    ]
  },
  {
    "app_id": 1437005085,
    "name": "Proton VPN: Fast & Secure",
    "publisher_name": "Proton AG",
    "icon_url": "https://is1-ssl.mzstatic.com/image/thumb/Purple221/v4/18/3c/87/183c875f-e7a8-82fb-966f-f5ddbba6336b/AppIcon-0-0-1x_U007epad-0-1-85-220.png/150x150bb.jpg",
    "category": "Utilities",
    "chart_type": "Top Free",
    "rank": 16,
    "rating": 4.56483,
    "revenue": 1000000,
    "downloads": 1000000,
    "has_iap": true,
    "price": 0.0,
    "release_date": "2018-11-12T00:00:00Z",
    "updated_date": "2026-02-05T00:00:00Z",
    "app_age_years": 7.3,
    "charts": [
      {
        "category": "Utilities",
        "chart": "Top Free",
        "rank": 16
      }
    ]
  },
  {
    "app_id": 1439422220,
    "name": "Universal TV Remote \u00b7",
    "publisher_name": "KRAFTWERK 9 LTD",
    "icon_url": "https://is1-ssl.mzstatic.com/image/thumb/Purple221/v4/90/c4/44/90c444c6-6cd2-2c51-cb90-e7d114be1ab8/AppIcon-0-0-1x_U007epad-0-1-0-85-220.png/150x150bb.jpg",
    "category": "Utilities",
    "chart_type": "Top Free",
    "rank": 17,
    "rating": 4.59747,
    "revenue": 500000,
    "downloads": 900000,
    "has_iap": true,
    "price": 0.0,
    "release_date": "2018-11-09T00:00:00Z",
    "updated_date": "2025-11-14T00:00:00Z",
    "app_age_years": 7.3,
    "charts": [
      {
        "category": "Utilities",
        "chart": "Top Free",
        "rank": 17
      }
    ]
  },
  {
    "app_id": 942608209,
    "name": "My Spectrum",
    "publisher_name": "Charter Communications",
    "icon_url": "https://is1-ssl.mzstatic.com/image/thumb/Purple211/v4/d1/44/2c/d1442c49-07f4-a8cd-3e45-0af67608516f/AppIcon-0-1x_U007emarketing-0-8-0-85-220-0.png/150x150bb.jpg",
    "category": "Utilities",
    "chart_type": "Top Free",
    "rank": 18,
    "rating": 4.78495,
    "revenue": 1000,
    "downloads": 300000,
    "has_iap": false,
    "price": 0.0,
    "release_date": "2014-12-17T00:00:00Z",
    "updated_date": "2026-02-11T00:00:00Z",
    "app_age_years": 11.2,
    "charts": [
      {
        "category": "Utilities",
        "chart": "Top Free",
        "rank": 18
      }
    ]
  },
  {
    "app_id": 1013961111,
    "name": "Blink Home Monitor",
    "publisher_name": "Immedia Semiconductor",
    "icon_url": "https://is1-ssl.mzstatic.com/image/thumb/Purple211/v4/25/29/5f/25295f1c-5441-e980-39e7-dec353101f4a/AppIcon-0-0-1x_U007epad-0-1-0-sRGB-85-220.png/150x150bb.jpg",
    "category": "Utilities",
    "chart_type": "Top Free",
    "rank": 19,
    "rating": 4.74159,
    "revenue": 5000000,
    "downloads": 300000,
    "has_iap": true,
    "price": 0.0,
    "release_date": "2016-04-20T00:00:00Z",
    "updated_date": "2026-01-21T00:00:00Z",
    "app_age_years": 9.8,
    "charts": [
      {
        "category": "Utilities",
        "chart": "Top Free",
        "rank": 19
      },
      {
        "category": "Utilities",
        "chart": "Top Grossing",
        "rank": 2
      }
    ]
  },
  {
    "app_id": 6444912481,
    "name": "UK ETA",
    "publisher_name": "Home Office",
    "icon_url": "https://is1-ssl.mzstatic.com/image/thumb/Purple211/v4/22/72/c5/2272c552-50a3-74cf-cb96-78150414e323/AppIcon-1x_U007emarketing-0-6-0-85-220-0.png/150x150bb.jpg",
    "category": "Utilities",
    "chart_type": "Top Free",
    "rank": 20,
    "rating": 3.27661,
    "revenue": 1000,
    "downloads": 800000,
    "has_iap": false,
    "price": 0.0,
    "release_date": "2023-10-23T00:00:00Z",
    "updated_date": "2026-02-04T00:00:00Z",
    "app_age_years": 2.3,
    "charts": [
      {
        "category": "Utilities",
        "chart": "Top Free",
        "rank": 20
      }
    ]
  },
  {
    "app_id": 1580059320,
    "name": "Fambase: Live & Group Chat",
    "publisher_name": "NEXTWAVE MEDIA HOLDINGS LIMITED",
    "icon_url": "https://is1-ssl.mzstatic.com/image/thumb/Purple211/v4/88/b4/70/88b4700f-8097-8502-f590-4470c514c104/AppIcon-0-0-1x_U007epad-0-1-0-0-sRGB-85-220.png/150x150bb.jpg",
    "category": "Utilities",
    "chart_type": "Top Grossing",
    "rank": 5,
    "rating": 4.40663,
    "revenue": 2000000,
    "downloads": 80000,
    "has_iap": true,
    "price": 0.0,
    "release_date": "2021-09-15T00:00:00Z",
    "updated_date": "2026-02-09T00:00:00Z",
    "app_age_years": 4.4,
    "charts": [
      {
        "category": "Utilities",
        "chart": "Top Grossing",
        "rank": 5
      }
    ]
  },
  {
    "app_id": 1278474169,
    "name": "Norton 360 Security & VPN",
    "publisher_name": "Gen Digital Inc.",
    "icon_url": "https://is1-ssl.mzstatic.com/image/thumb/Purple211/v4/7c/f5/d4/7cf5d4dd-7ec6-12f5-f864-a1994c46aa68/AppIcon-0-0-1x_U007emarketing-0-8-0-85-220.png/150x150bb.jpg",
    "category": "Utilities",
    "chart_type": "Top Grossing",
    "rank": 6,
    "rating": 4.66341,
    "revenue": 3000000,
    "downloads": 300000,
    "has_iap": true,
    "price": 0.0,
    "release_date": "2018-10-02T00:00:00Z",
    "updated_date": "2026-02-04T00:00:00Z",
    "app_age_years": 7.4,
    "charts": [
      {
        "category": "Utilities",
        "chart": "Top Grossing",
        "rank": 6
      }
    ]
  },
  {
    "app_id": 6448330325,
    "name": "AI Cleaner: Clean Up Storage",
    "publisher_name": "GRIMLAX TRADE, S.L.",
    "icon_url": "https://is1-ssl.mzstatic.com/image/thumb/Purple211/v4/fe/c5/be/fec5be41-cc37-542f-b51c-339124cc0a9c/AppIcon-0-0-1x_U007ephone-0-1-0-0-85-220.png/150x150bb.jpg",
    "category": "Utilities",
    "chart_type": "Top Grossing",
    "rank": 7,
    "rating": 4.59041,
    "revenue": 3000000,
    "downloads": 800000,
    "has_iap": true,
    "price": 0.0,
    "release_date": "2023-10-30T00:00:00Z",
    "updated_date": "2026-01-07T00:00:00Z",
    "app_age_years": 2.3,
    "charts": [
      {
        "category": "Utilities",
        "chart": "Top Grossing",
        "rank": 7
      }
    ]
  },
  {
    "app_id": 1022831885,
    "name": "Robokiller: Spam Call Blocker",
    "publisher_name": "Mosaic S.r.l.",
    "icon_url": "https://is1-ssl.mzstatic.com/image/thumb/Purple211/v4/52/19/16/52191669-6981-d348-5c45-4968543b7468/AppIcon-0-0-1x_U007emarketing-0-11-0-85-220.png/150x150bb.jpg",
    "category": "Utilities",
    "chart_type": "Top Grossing",
    "rank": 8,
    "rating": 4.5061,
    "revenue": 1000000,
    "downloads": 30000,
    "has_iap": true,
    "price": 0.0,
    "release_date": "2019-02-19T00:00:00Z",
    "updated_date": "2026-01-23T00:00:00Z",
    "app_age_years": 7.0,
    "charts": [
      {
        "category": "Utilities",
        "chart": "Top Grossing",
        "rank": 8
      }
    ]
  },
  {
    "app_id": 505800761,
    "name": "Burner: Second Phone Number",
    "publisher_name": "Ad Hoc Labs, Inc",
    "icon_url": "https://is1-ssl.mzstatic.com/image/thumb/Purple211/v4/c5/ca/31/c5ca3113-b0dc-37af-ada5-2b764ee73a41/default_mint-0-0-1x_U007ephone-0-1-0-sRGB-85-220.png/150x150bb.jpg",
    "category": "Utilities",
    "chart_type": "Top Grossing",
    "rank": 9,
    "rating": 4.6985,
    "revenue": 1000000,
    "downloads": 100000,
    "has_iap": true,
    "price": 0.0,
    "release_date": null,
    "updated_date": "2026-01-26T00:00:00Z",
    "app_age_years": null,
    "charts": [
      {
        "category": "Utilities",
        "chart": "Top Grossing",
        "rank": 9
      }
    ]
  },
  {
    "app_id": 886492891,
    "name": "ExpressVPN \u00b7 Secure & Fast VPN",
    "publisher_name": "Express VPN",
    "icon_url": "https://is1-ssl.mzstatic.com/image/thumb/Purple221/v4/dc/f2/b5/dcf2b598-1532-f1dc-d039-326077b5f038/AppIcon-0-1x_U007emarketing-0-8-0-85-220-0.png/150x150bb.jpg",
    "category": "Utilities",
    "chart_type": "Top Grossing",
    "rank": 11,
    "rating": 4.6826,
    "revenue": 3000000,
    "downloads": 400000,
    "has_iap": true,
    "price": 0.0,
    "release_date": "2014-08-11T00:00:00Z",
    "updated_date": "2026-02-03T00:00:00Z",
    "app_age_years": 11.5,
    "charts": [
      {
        "category": "Utilities",
        "chart": "Top Grossing",
        "rank": 11
      }
    ]
  },
  {
    "app_id": 1466734547,
    "name": "VicoHome: Smart Home Camera",
    "publisher_name": "PHOTON SAIL TECHNOLOGIES PTE. LTD.",
    "icon_url": "https://is1-ssl.mzstatic.com/image/thumb/Purple211/v4/ad/66/99/ad669960-b8be-352d-123b-06bda196baee/AppIcon-1x_U007emarketing-0-8-0-85-220-0.png/150x150bb.jpg",
    "category": "Utilities",
    "chart_type": "Top Grossing",
    "rank": 12,
    "rating": 4.86726,
    "revenue": 1000000,
    "downloads": 90000,
    "has_iap": true,
    "price": 0.0,
    "release_date": "2019-09-05T00:00:00Z",
    "updated_date": "2026-02-02T00:00:00Z",
    "app_age_years": 6.4,
    "charts": [
      {
        "category": "Utilities",
        "chart": "Top Grossing",
        "rank": 12
      }
    ]
  },
  {
    "app_id": 1194582243,
    "name": "Cleaner Kit - Clean Up Storage",
    "publisher_name": "BPMobile",
    "icon_url": "https://is1-ssl.mzstatic.com/image/thumb/Purple211/v4/88/ca/d1/88cad11f-3b0b-e555-c9b4-b7bca433782b/AppIcon-0-0-1x_U007ephone-0-1-0-85-220.png/150x150bb.jpg",
    "category": "Utilities",
    "chart_type": "Top Grossing",
    "rank": 13,
    "rating": 4.44921,
    "revenue": 2000000,
    "downloads": 700000,
    "has_iap": true,
    "price": 0.0,
    "release_date": "2017-01-26T00:00:00Z",
    "updated_date": "2026-01-23T00:00:00Z",
    "app_age_years": 9.0,
    "charts": [
      {
        "category": "Utilities",
        "chart": "Top Grossing",
        "rank": 13
      }
    ]
  },
  {
    "app_id": 1583884012,
    "name": "Photo Cleaner: Swipewipe",
    "publisher_name": "MWM",
    "icon_url": "https://is1-ssl.mzstatic.com/image/thumb/Purple221/v4/8d/b6/26/8db626c8-1312-b223-ea32-da65761271e4/AppIcon-0-0-1x_U007epad-0-1-0-85-220.png/150x150bb.jpg",
    "category": "Utilities",
    "chart_type": "Top Grossing",
    "rank": 14,
    "rating": 4.69936,
    "revenue": 1000000,
    "downloads": 600000,
    "has_iap": true,
    "price": 0.0,
    "release_date": "2022-03-05T00:00:00Z",
    "updated_date": "2026-02-05T00:00:00Z",
    "app_age_years": 3.9,
    "charts": [
      {
        "category": "Utilities",
        "chart": "Top Grossing",
        "rank": 14
      }
    ]
  },
  {
    "app_id": 1485352913,
    "name": "Pok\u00e9mon HOME",
    "publisher_name": "The Pokemon Company",
    "icon_url": "https://is1-ssl.mzstatic.com/image/thumb/Purple221/v4/de/2a/55/de2a555d-3a46-4659-9f05-0df547e706a3/AppIcon-0-0-1x_U007emarketing-0-8-0-85-220.png/150x150bb.jpg",
    "category": "Utilities",
    "chart_type": "Top Grossing",
    "rank": 15,
    "rating": 3.78123,
    "revenue": 400000,
    "downloads": 90000,
    "has_iap": true,
    "price": 0.0,
    "release_date": "2020-02-11T00:00:00Z",
    "updated_date": "2025-11-26T00:00:00Z",
    "app_age_years": 6.0,
    "charts": [
      {
        "category": "Utilities",
        "chart": "Top Grossing",
        "rank": 15
      }
    ]
  },
  {
    "app_id": 724596345,
    "name": "McAfee Security: Privacy & VPN",
    "publisher_name": "McAfee, LLC.",
    "icon_url": "https://is1-ssl.mzstatic.com/image/thumb/Purple211/v4/f8/7d/c3/f87dc30c-1bdb-a44e-e78f-829210a8d4c4/AppIcon-0-0-1x_U007epad-0-1-0-85-220.png/150x150bb.jpg",
    "category": "Utilities",
    "chart_type": "Top Grossing",
    "rank": 16,
    "rating": 4.71392,
    "revenue": 1000000,
    "downloads": 200000,
    "has_iap": true,
    "price": 0.0,
    "release_date": "2014-01-08T00:00:00Z",
    "updated_date": "2026-02-05T00:00:00Z",
    "app_age_years": 12.1,
    "charts": [
      {
        "category": "Utilities",
        "chart": "Top Grossing",
        "rank": 16
      }
    ]
  },
  {
    "app_id": 6745863842,
    "name": "Camtro",
    "publisher_name": "DigitalConverge Intellect Limited",
    "icon_url": "https://is1-ssl.mzstatic.com/image/thumb/Purple211/v4/c1/ae/b1/c1aeb130-1613-d4e8-9347-4f0db7170428/AppIcon-0-0-1x_U007emarketing-0-3-85-220.png/150x150bb.jpg",
    "category": "Utilities",
    "chart_type": "Top Grossing",
    "rank": 17,
    "rating": 4.66625,
    "revenue": 500000,
    "downloads": 70000,
    "has_iap": true,
    "price": 0.0,
    "release_date": "2025-06-16T00:00:00Z",
    "updated_date": "2026-01-15T00:00:00Z",
    "app_age_years": 0.7,
    "charts": [
      {
        "category": "Utilities",
        "chart": "Top Grossing",
        "rank": 17
      }
    ]
  },
  {
    "app_id": 6479742882,
    "name": "Seeing",
    "publisher_name": "LONSEN ELECTRONICS LIMITED",
    "icon_url": "https://is1-ssl.mzstatic.com/image/thumb/Purple211/v4/75/a4/b4/75a4b415-3d09-327b-5ccd-af419c74da09/AppIcon-0-0-1x_U007emarketing-0-3-85-220.png/150x150bb.jpg",
    "category": "Utilities",
    "chart_type": "Top Grossing",
    "rank": 18,
    "rating": 4.68426,
    "revenue": 500000,
    "downloads": 40000,
    "has_iap": true,
    "price": 0.0,
    "release_date": "2024-03-25T00:00:00Z",
    "updated_date": "2026-01-29T00:00:00Z",
    "app_age_years": 1.9,
    "charts": [
      {
        "category": "Utilities",
        "chart": "Top Grossing",
        "rank": 18
      }
    ]
  },
  {
    "app_id": 6458692724,
    "name": "TV Remote & Smart TV Control",
    "publisher_name": "To Ngoc Mai",
    "icon_url": "https://is1-ssl.mzstatic.com/image/thumb/Purple221/v4/ee/a3/5a/eea35a54-e685-f976-cf2d-3a53592f79dd/AppIcon-0-0-1x_U007epad-0-1-0-85-220.png/150x150bb.jpg",
    "category": "Utilities",
    "chart_type": "Top Grossing",
    "rank": 19,
    "rating": 4.75704,
    "revenue": 800000,
    "downloads": 200000,
    "has_iap": true,
    "price": 0.0,
    "release_date": "2023-08-19T00:00:00Z",
    "updated_date": "2025-12-03T00:00:00Z",
    "app_age_years": 2.5,
    "charts": [
      {
        "category": "Utilities",
        "chart": "Top Grossing",
        "rank": 19
      }
    ]
  },
  {
    "app_id": 1484584645,
    "name": "Aiwit",
    "publisher_name": "NumLake Tech Limited",
    "icon_url": "https://is1-ssl.mzstatic.com/image/thumb/Purple221/v4/8a/e4/87/8ae4877a-471b-ce3f-cfeb-9a94e8670984/AppIcon-0-0-1x_U007emarketing-0-3-85-220.png/150x150bb.jpg",
    "category": "Utilities",
    "chart_type": "Top Grossing",
    "rank": 20,
    "rating": 4.61216,
    "revenue": 400000,
    "downloads": 1000,
    "has_iap": true,
    "price": 0.0,
    "release_date": "2019-10-23T00:00:00Z",
    "updated_date": "2026-02-01T00:00:00Z",
    "app_age_years": 6.3,
    "charts": [
      {
        "category": "Utilities",
        "chart": "Top Grossing",
        "rank": 20
      }
    ]
  },
  {
    "app_id": 309735670,
    "name": "Indeed Job Search",
    "publisher_name": "Indeed Inc.",
    "icon_url": "https://is1-ssl.mzstatic.com/image/thumb/Purple211/v4/b3/9e/dd/b39edd9e-2fee-5ca7-d010-3ed52272b918/AppIcon-0-0-1x_U007emarketing-0-11-0-85-220.png/150x150bb.jpg",
    "category": "Business",
    "chart_type": "Top Free",
    "rank": 1,
    "rating": 4.78596,
    "revenue": 70000,
    "downloads": 3000000,
    "has_iap": true,
    "price": 0.0,
    "release_date": "2010-01-28T00:00:00Z",
    "updated_date": "2026-02-09T00:00:00Z",
    "app_age_years": 16.0,
    "charts": [
      {
        "category": "Business",
        "chart": "Top Free",
        "rank": 1
      }
    ]
  },
  {
    "app_id": 1113153706,
    "name": "Microsoft Teams",
    "publisher_name": "Microsoft Corporation",
    "icon_url": "https://is1-ssl.mzstatic.com/image/thumb/Purple221/v4/6d/3d/71/6d3d7132-5f2f-f628-58d1-54b57f971595/AppIcon-0-0-1x_U007epad-0-1-0-0-85-220.png/150x150bb.jpg",
    "category": "Business",
    "chart_type": "Top Free",
    "rank": 2,
    "rating": 4.80114,
    "revenue": 1000,
    "downloads": 4000000,
    "has_iap": true,
    "price": 0.0,
    "release_date": "2016-11-02T00:00:00Z",
    "updated_date": "2026-02-03T00:00:00Z",
    "app_age_years": 9.3,
    "charts": [
      {
        "category": "Business",
        "chart": "Top Free",
        "rank": 2
      }
    ]
  },
  {
    "app_id": 288429040,
    "name": "LinkedIn: Network & Job Finder",
    "publisher_name": "LinkedIn Corporation",
    "icon_url": "https://is1-ssl.mzstatic.com/image/thumb/Purple221/v4/de/3c/4d/de3c4df6-aeae-06e3-699b-7dc62feb64c9/AppIcon-0-0-1x_U007emarketing-0-8-0-85-220.png/150x150bb.jpg",
    "category": "Business",
    "chart_type": "Top Free",
    "rank": 3,
    "rating": 4.77238,
    "revenue": 47000000,
    "downloads": 3000000,
    "has_iap": true,
    "price": 0.0,
    "release_date": "2008-08-20T00:00:00Z",
    "updated_date": "2026-02-11T00:00:00Z",
    "app_age_years": 17.5,
    "charts": [
      {
        "category": "Business",
        "chart": "Top Free",
        "rank": 3
      },
      {
        "category": "Business",
        "chart": "Top Grossing",
        "rank": 1
      }
    ]
  },
  {
    "app_id": 444553167,
    "name": "ADP Mobile Solutions",
    "publisher_name": "ADP, Inc",
    "icon_url": "https://is1-ssl.mzstatic.com/image/thumb/Purple221/v4/f4/48/fd/f448fd8c-892d-cc73-c853-a06dbf470d30/AppIcon-0-0-1x_U007epad-0-0-0-1-0-0-85-220.png/150x150bb.jpg",
    "category": "Business",
    "chart_type": "Top Free",
    "rank": 4,
    "rating": 4.71422,
    "revenue": 1000,
    "downloads": 700000,
    "has_iap": false,
    "price": 0.0,
    "release_date": "2012-11-07T00:00:00Z",
    "updated_date": "2026-02-06T00:00:00Z",
    "app_age_years": 13.3,
    "charts": [
      {
        "category": "Business",
        "chart": "Top Free",
        "rank": 4
      }
    ]
  },
  {
    "app_id": 546505307,
    "name": "Zoom Workplace",
    "publisher_name": "Zoom Communications, Inc.",
    "icon_url": "https://is1-ssl.mzstatic.com/image/thumb/Purple221/v4/77/43/90/77439005-1456-e75d-63ba-ccac071f1f12/AppIcon-0-0-1x_U007epad-0-1-0-0-85-220.png/150x150bb.jpg",
    "category": "Business",
    "chart_type": "Top Free",
    "rank": 5,
    "rating": 4.65414,
    "revenue": 4000000,
    "downloads": 4000000,
    "has_iap": true,
    "price": 0.0,
    "release_date": "2012-08-15T00:00:00Z",
    "updated_date": "2026-02-10T00:00:00Z",
    "app_age_years": 13.5,
    "charts": [
      {
        "category": "Business",
        "chart": "Top Free",
        "rank": 5
      },
      {
        "category": "Business",
        "chart": "Top Grossing",
        "rank": 6
      }
    ]
  },
  {
    "app_id": 1451754591,
    "name": "DoorDash - Dasher",
    "publisher_name": "DoorDash, Inc.",
    "icon_url": "https://is1-ssl.mzstatic.com/image/thumb/Purple221/v4/f2/12/9e/f2129eff-49e1-d7b5-5886-9099a3f19ee8/AppIcon-0-0-1x_U007emarketing-0-6-0-85-220.png/150x150bb.jpg",
    "category": "Business",
    "chart_type": "Top Free",
    "rank": 6,
    "rating": 4.68315,
    "revenue": 1000,
    "downloads": 700000,
    "has_iap": false,
    "price": 0.0,
    "release_date": "2021-11-01T00:00:00Z",
    "updated_date": "2026-02-06T00:00:00Z",
    "app_age_years": 4.3,
    "charts": [
      {
        "category": "Business",
        "chart": "Top Free",
        "rank": 6
      }
    ]
  },
  {
    "app_id": 490179405,
    "name": "Okta Verify",
    "publisher_name": "Okta, Inc.",
    "icon_url": "https://is1-ssl.mzstatic.com/image/thumb/Purple221/v4/6b/ee/aa/6beeaa38-be64-0374-4269-5e5c30aa5905/AppIcon-0-0-1x_U007emarketing-0-8-0-0-85-220.png/150x150bb.jpg",
    "category": "Business",
    "chart_type": "Top Free",
    "rank": 7,
    "rating": 4.77046,
    "revenue": 1000,
    "downloads": 600000,
    "has_iap": false,
    "price": 0.0,
    "release_date": "2012-01-06T00:00:00Z",
    "updated_date": "2026-02-02T00:00:00Z",
    "app_age_years": 14.1,
    "charts": [
      {
        "category": "Business",
        "chart": "Top Free",
        "rank": 7
      }
    ]
  },
  {
    "app_id": 1010729050,
    "name": "FedEx Mobile",
    "publisher_name": "FedEx",
    "icon_url": "https://is1-ssl.mzstatic.com/image/thumb/Purple221/v4/65/3e/a8/653ea8a7-e669-8bd1-b9bb-0df010a5362b/AppIcon-1x_U007emarketing-0-8-0-sRGB-0-85-220-0.png/150x150bb.jpg",
    "category": "Business",
    "chart_type": "Top Free",
    "rank": 8,
    "rating": 4.60464,
    "revenue": 1000,
    "downloads": 600000,
    "has_iap": false,
    "price": 0.0,
    "release_date": "2016-07-29T00:00:00Z",
    "updated_date": "2026-01-15T00:00:00Z",
    "app_age_years": 9.5,
    "charts": [
      {
        "category": "Business",
        "chart": "Top Free",
        "rank": 8
      }
    ]
  },
  {
    "app_id": 469337564,
    "name": "Adobe Acrobat Reader: Sign PDF",
    "publisher_name": "Adobe Inc.",
    "icon_url": "https://is1-ssl.mzstatic.com/image/thumb/Purple221/v4/78/11/59/7811595e-293e-168d-944d-0cf76b847604/ReleaseAppIcon-0-0-1x_U007emarketing-0-8-0-sRGB-85-220.png/150x150bb.jpg",
    "category": "Business",
    "chart_type": "Top Free",
    "rank": 9,
    "rating": 4.66721,
    "revenue": 8000000,
    "downloads": 2000000,
    "has_iap": true,
    "price": 0.0,
    "release_date": "2011-10-17T00:00:00Z",
    "updated_date": "2026-02-02T00:00:00Z",
    "app_age_years": 14.3,
    "charts": [
      {
        "category": "Business",
        "chart": "Top Free",
        "rank": 9
      },
      {
        "category": "Business",
        "chart": "Top Grossing",
        "rank": 2
      }
    ]
  },
  {
    "app_id": 1483998235,
    "name": "Spark Driver",
    "publisher_name": "Walmart",
    "icon_url": "https://is1-ssl.mzstatic.com/image/thumb/Purple211/v4/22/36/3a/22363a7d-194b-8ec6-44aa-04e9c588d9dd/AppIcon-0-0-1x_U007emarketing-0-8-0-85-220.png/150x150bb.jpg",
    "category": "Business",
    "chart_type": "Top Free",
    "rank": 10,
    "rating": 4.65559,
    "revenue": 1000,
    "downloads": 400000,
    "has_iap": false,
    "price": 0.0,
    "release_date": null,
    "updated_date": "2026-02-09T00:00:00Z",
    "app_age_years": null,
    "charts": [
      {
        "category": "Business",
        "chart": "Top Free",
        "rank": 10
      }
    ]
  },
  {
    "app_id": 1131342792,
    "name": "Uber - Driver: Drive & Deliver",
    "publisher_name": "Uber Technologies, Inc.",
    "icon_url": "https://is1-ssl.mzstatic.com/image/thumb/Purple211/v4/6d/f6/82/6df68291-e7ce-004b-76fe-eb7c9e372c61/AppIcon-0-0-1x_U007emarketing-0-8-0-85-220.png/150x150bb.jpg",
    "category": "Business",
    "chart_type": "Top Free",
    "rank": 11,
    "rating": 4.44115,
    "revenue": 1000,
    "downloads": 1000000,
    "has_iap": false,
    "price": 0.0,
    "release_date": "2017-01-24T00:00:00Z",
    "updated_date": "2026-02-09T00:00:00Z",
    "app_age_years": 9.1,
    "charts": [
      {
        "category": "Business",
        "chart": "Top Free",
        "rank": 11
      }
    ]
  },
  {
    "app_id": 1397865865,
    "name": "Package Tracker - pkge Mobile",
    "publisher_name": "DARADDO APPS",
    "icon_url": "https://is1-ssl.mzstatic.com/image/thumb/Purple221/v4/91/29/ec/9129ec50-8be7-d19e-a137-7702bbe192c8/AppIcon-0-0-1x_U007emarketing-0-8-0-85-220.png/150x150bb.jpg",
    "category": "Business",
    "chart_type": "Top Free",
    "rank": 12,
    "rating": 4.56334,
    "revenue": 900000,
    "downloads": 300000,
    "has_iap": true,
    "price": 0.0,
    "release_date": "2018-07-25T00:00:00Z",
    "updated_date": "2026-01-29T00:00:00Z",
    "app_age_years": 7.6,
    "charts": [
      {
        "category": "Business",
        "chart": "Top Free",
        "rank": 12
      },
      {
        "category": "Business",
        "chart": "Top Grossing",
        "rank": 10
      }
    ]
  },
  {
    "app_id": 316800034,
    "name": "Workday",
    "publisher_name": "Workday",
    "icon_url": "https://is1-ssl.mzstatic.com/image/thumb/Purple211/v4/04/6d/c1/046dc1cf-b1dc-4d0c-40ff-3add7a0c30db/AppIcon-0-0-1x_U007epad-0-1-85-220.png/150x150bb.jpg",
    "category": "Business",
    "chart_type": "Top Free",
    "rank": 13,
    "rating": 4.72843,
    "revenue": 1000,
    "downloads": 500000,
    "has_iap": false,
    "price": 0.0,
    "release_date": "2009-06-05T00:00:00Z",
    "updated_date": "2026-02-09T00:00:00Z",
    "app_age_years": 16.7,
    "charts": [
      {
        "category": "Business",
        "chart": "Top Free",
        "rank": 13
      }
    ]
  },
  {
    "app_id": 6445849909,
    "name": "UKG Pro",
    "publisher_name": "UKG INC.",
    "icon_url": "https://is1-ssl.mzstatic.com/image/thumb/Purple211/v4/10/14/97/101497ea-6977-a05d-d214-dd65ad1e429e/AppIconUKG-0-0-1x_U007epad-0-1-0-85-220.png/150x150bb.jpg",
    "category": "Business",
    "chart_type": "Top Free",
    "rank": 14,
    "rating": 4.69081,
    "revenue": 1000,
    "downloads": 400000,
    "has_iap": false,
    "price": 0.0,
    "release_date": "2023-10-02T00:00:00Z",
    "updated_date": "2026-01-16T00:00:00Z",
    "app_age_years": 2.4,
    "charts": [
      {
        "category": "Business",
        "chart": "Top Free",
        "rank": 14
      }
    ]
  },
  {
    "app_id": 1386412985,
    "name": "WhatsApp Business",
    "publisher_name": "WhatsApp Inc.",
    "icon_url": "https://is1-ssl.mzstatic.com/image/thumb/Purple221/v4/df/72/17/df721792-85f7-8cb6-9ebe-4d35e176ea82/AppIconSMB-0-0-1x_U007ephone-0-0-0-1-0-0-sRGB-0-85-220.png/150x150bb.jpg",
    "category": "Business",
    "chart_type": "Top Free",
    "rank": 15,
    "rating": 4.70611,
    "revenue": 800000,
    "downloads": 4000000,
    "has_iap": true,
    "price": 0.0,
    "release_date": "2019-04-05T00:00:00Z",
    "updated_date": "2026-02-12T00:00:00Z",
    "app_age_years": 6.9,
    "charts": [
      {
        "category": "Business",
        "chart": "Top Free",
        "rank": 15
      }
    ]
  },
  {
    "app_id": 422663827,
    "name": "Duo Mobile",
    "publisher_name": "Duo Security LLC",
    "icon_url": "https://is1-ssl.mzstatic.com/image/thumb/Purple211/v4/d4/9a/05/d49a0503-5e4a-8a9c-dfc2-f94944870e12/AppIconGlass-0-0-1x_U007epad-0-0-0-1-0-0-sRGB-85-220.png/150x150bb.jpg",
    "category": "Business",
    "chart_type": "Top Free",
    "rank": 16,
    "rating": 4.87749,
    "revenue": 1000,
    "downloads": 600000,
    "has_iap": false,
    "price": 0.0,
    "release_date": "2011-04-06T00:00:00Z",
    "updated_date": "2026-02-09T00:00:00Z",
    "app_age_years": 14.9,
    "charts": [
      {
        "category": "Business",
        "chart": "Top Free",
        "rank": 16
      }
    ]
  },
  {
    "app_id": 618783545,
    "name": "Slack",
    "publisher_name": "Slack Technologies, Inc.",
    "icon_url": "https://is1-ssl.mzstatic.com/image/thumb/Purple221/v4/a9/66/f7/a966f764-8b0e-7744-eb0b-1b940d5f5e3e/slack_icon_prod-0-0-1x_U007epad-0-1-sRGB-85-220.png/150x150bb.jpg",
    "category": "Business",
    "chart_type": "Top Free",
    "rank": 17,
    "rating": 4.06235,
    "revenue": 1000,
    "downloads": 500000,
    "has_iap": false,
    "price": 0.0,
    "release_date": "2013-03-20T00:00:00Z",
    "updated_date": "2026-02-11T00:00:00Z",
    "app_age_years": 12.9,
    "charts": [
      {
        "category": "Business",
        "chart": "Top Free",
        "rank": 17
      }
    ]
  },
  {
    "app_id": 336377331,
    "name": "UPS",
    "publisher_name": "UPS",
    "icon_url": "https://is1-ssl.mzstatic.com/image/thumb/Purple211/v4/db/fb/49/dbfb4917-42b9-a2b3-f477-47fc2d2d9c8c/AppIcon-0-0-1x_U007emarketing-0-5-0-85-220.png/150x150bb.jpg",
    "category": "Business",
    "chart_type": "Top Free",
    "rank": 18,
    "rating": 4.57344,
    "revenue": 1000,
    "downloads": 500000,
    "has_iap": false,
    "price": 0.0,
    "release_date": "2009-10-29T00:00:00Z",
    "updated_date": "2026-02-04T00:00:00Z",
    "app_age_years": 16.3,
    "charts": [
      {
        "category": "Business",
        "chart": "Top Free",
        "rank": 18
      }
    ]
  },
  {
    "app_id": 1454725763,
    "name": "Amazon Flex",
    "publisher_name": "AMZN Mobile LLC",
    "icon_url": "https://is1-ssl.mzstatic.com/image/thumb/Purple211/v4/89/35/73/89357349-87d9-3e44-92e1-c3dfc8ffd3e7/AppIcon-1x_U007emarketing-0-6-0-85-220-0.png/150x150bb.jpg",
    "category": "Business",
    "chart_type": "Top Free",
    "rank": 19,
    "rating": 4.70289,
    "revenue": 1000,
    "downloads": 400000,
    "has_iap": false,
    "price": 0.0,
    "release_date": "2019-06-18T00:00:00Z",
    "updated_date": "2026-02-11T00:00:00Z",
    "app_age_years": 6.7,
    "charts": [
      {
        "category": "Business",
        "chart": "Top Free",
        "rank": 19
      }
    ]
  },
  {
    "app_id": 1454056744,
    "name": "Instacart Shopper: Earn money",
    "publisher_name": "Maplebear Inc",
    "icon_url": "https://is1-ssl.mzstatic.com/image/thumb/Purple221/v4/b4/45/98/b44598fa-2f1d-8343-499b-e73f7a84d1ca/AppIcon.com.instacart.shopper-0-0-1x_U007ephone-0-1-0-sRGB-85-220.png/150x150bb.jpg",
    "category": "Business",
    "chart_type": "Top Free",
    "rank": 20,
    "rating": 4.80645,
    "revenue": 1000,
    "downloads": 300000,
    "has_iap": false,
    "price": 0.0,
    "release_date": null,
    "updated_date": "2026-01-29T00:00:00Z",
    "app_age_years": null,
    "charts": [
      {
        "category": "Business",
        "chart": "Top Free",
        "rank": 20
      }
    ]
  },
  {
    "app_id": 1040093707,
    "name": "iScanner: PDF Document Scanner",
    "publisher_name": "BPMobile",
    "icon_url": "https://is1-ssl.mzstatic.com/image/thumb/Purple221/v4/07/4c/ad/074cade7-2316-873d-56a3-984bbb90d147/AppIconFreeApp-0-0-1x_U007epad-0-1-0-sRGB-85-220.png/150x150bb.jpg",
    "category": "Business",
    "chart_type": "Top Grossing",
    "rank": 3,
    "rating": 4.76023,
    "revenue": 4000000,
    "downloads": 400000,
    "has_iap": true,
    "price": 0.0,
    "release_date": "2015-09-23T00:00:00Z",
    "updated_date": "2026-02-03T00:00:00Z",
    "app_age_years": 10.4,
    "charts": [
      {
        "category": "Business",
        "chart": "Top Grossing",
        "rank": 3
      }
    ]
  },
  {
    "app_id": 584606479,
    "name": "Intuit QuickBooks for Business",
    "publisher_name": "Intuit Inc.",
    "icon_url": "https://is1-ssl.mzstatic.com/image/thumb/Purple221/v4/a2/d0/bf/a2d0bfe8-176d-adb0-4626-6e10fb61e481/QBMAppIcon-0-0-1x_U007emarketing-0-0-0-8-0-0-85-220.png/150x150bb.jpg",
    "category": "Business",
    "chart_type": "Top Grossing",
    "rank": 4,
    "rating": 4.72647,
    "revenue": 3000000,
    "downloads": 100000,
    "has_iap": true,
    "price": 0.0,
    "release_date": "2013-09-11T00:00:00Z",
    "updated_date": "2026-02-11T00:00:00Z",
    "app_age_years": 12.4,
    "charts": [
      {
        "category": "Business",
        "chart": "Top Grossing",
        "rank": 4
      }
    ]
  },
  {
    "app_id": 978931264,
    "name": "FAX from iPhone: Send Doc App",
    "publisher_name": "Municorn Limited",
    "icon_url": "https://is1-ssl.mzstatic.com/image/thumb/Purple211/v4/e1/c5/72/e1c572a6-2815-7c61-7a19-e0b52da6c4b2/FaxAppIcon-0-1x_U007emarketing-0-8-0-85-220-0.png/150x150bb.jpg",
    "category": "Business",
    "chart_type": "Top Grossing",
    "rank": 5,
    "rating": 4.78333,
    "revenue": 2000000,
    "downloads": 90000,
    "has_iap": true,
    "price": 0.0,
    "release_date": "2015-05-20T00:00:00Z",
    "updated_date": "2025-11-05T00:00:00Z",
    "app_age_years": 10.7,
    "charts": [
      {
        "category": "Business",
        "chart": "Top Grossing",
        "rank": 5
      }
    ]
  },
  {
    "app_id": 1606911248,
    "name": "Invoice Maker - Invoice Fly",
    "publisher_name": "Labhouse Mobile",
    "icon_url": "https://is1-ssl.mzstatic.com/image/thumb/Purple221/v4/f3/b6/f1/f3b6f1de-d829-7f28-08de-dea9b75d5bbb/InvoiceFly-0-0-1x_U007epad-0-1-85-220.png/150x150bb.jpg",
    "category": "Business",
    "chart_type": "Top Grossing",
    "rank": 7,
    "rating": 4.79512,
    "revenue": 1000000,
    "downloads": 200000,
    "has_iap": true,
    "price": 0.0,
    "release_date": "2022-02-10T00:00:00Z",
    "updated_date": "2026-02-10T00:00:00Z",
    "app_age_years": 4.0,
    "charts": [
      {
        "category": "Business",
        "chart": "Top Grossing",
        "rank": 7
      }
    ]
  },
  {
    "app_id": 694831622,
    "name": "Invoice Simple: Invoice Maker",
    "publisher_name": "Zenvoice Inc.",
    "icon_url": "https://is1-ssl.mzstatic.com/image/thumb/Purple211/v4/df/42/32/df423224-85de-d678-3695-135f39f72700/AppIcon-0-0-1x_U007epad-0-1-85-220.png/150x150bb.jpg",
    "category": "Business",
    "chart_type": "Top Grossing",
    "rank": 8,
    "rating": 4.8695,
    "revenue": 2000000,
    "downloads": 30000,
    "has_iap": true,
    "price": 0.0,
    "release_date": "2013-09-18T00:00:00Z",
    "updated_date": "2026-02-10T00:00:00Z",
    "app_age_years": 12.4,
    "charts": [
      {
        "category": "Business",
        "chart": "Top Grossing",
        "rank": 8
      }
    ]
  },
  {
    "app_id": 1199564834,
    "name": "Adobe Scan: PDF & OCR Scanner",
    "publisher_name": "Adobe Inc.",
    "icon_url": "https://is1-ssl.mzstatic.com/image/thumb/Purple221/v4/a5/b7/82/a5b7828c-df36-0e39-34fb-871198bb6535/AppIcon-0-0-1x_U007emarketing-0-7-0-85-220.png/150x150bb.jpg",
    "category": "Business",
    "chart_type": "Top Grossing",
    "rank": 9,
    "rating": 4.87838,
    "revenue": 2000000,
    "downloads": 900000,
    "has_iap": true,
    "price": 0.0,
    "release_date": "2017-05-31T00:00:00Z",
    "updated_date": "2026-01-15T00:00:00Z",
    "app_age_years": 8.7,
    "charts": [
      {
        "category": "Business",
        "chart": "Top Grossing",
        "rank": 9
      }
    ]
  },
  {
    "app_id": 6670619664,
    "name": "SimplyWise: Cost Estimator",
    "publisher_name": "SimplyWise, Inc.",
    "icon_url": "https://is1-ssl.mzstatic.com/image/thumb/Purple211/v4/81/bf/4c/81bf4c83-344c-e14f-9792-0fed15ae05fb/AppIcon-0-0-1x_U007emarketing-0-8-0-85-220.png/150x150bb.jpg",
    "category": "Business",
    "chart_type": "Top Grossing",
    "rank": 11,
    "rating": 4.81233,
    "revenue": 600000,
    "downloads": 50000,
    "has_iap": true,
    "price": 0.0,
    "release_date": null,
    "updated_date": "2026-01-13T00:00:00Z",
    "app_age_years": null,
    "charts": [
      {
        "category": "Business",
        "chart": "Top Grossing",
        "rank": 11
      }
    ]
  },
  {
    "app_id": 1314873764,
    "name": "Invoice Maker \u25b8 Estimate App",
    "publisher_name": "GetPaid Inc.",
    "icon_url": "https://is1-ssl.mzstatic.com/image/thumb/Purple211/v4/1b/f7/28/1bf7284d-e66a-a1c9-cb33-4ad39ed87843/AppIcon-0-0-1x_U007emarketing-0-8-0-85-220.png/150x150bb.jpg",
    "category": "Business",
    "chart_type": "Top Grossing",
    "rank": 12,
    "rating": 4.84313,
    "revenue": 900000,
    "downloads": 70000,
    "has_iap": true,
    "price": 0.0,
    "release_date": "2017-12-08T00:00:00Z",
    "updated_date": "2026-02-01T00:00:00Z",
    "app_age_years": 8.2,
    "charts": [
      {
        "category": "Business",
        "chart": "Top Grossing",
        "rank": 12
      }
    ]
  },
  {
    "app_id": 1597439129,
    "name": "Smart Printer App & Scan",
    "publisher_name": "Kain Suite Pte. Ltd.",
    "icon_url": "https://is1-ssl.mzstatic.com/image/thumb/Purple211/v4/c7/f9/cd/c7f9cd1d-6efc-470c-3e61-220394494205/AppIcon-5-0-0-1x_U007epad-0-1-0-P3-85-220.png/150x150bb.jpg",
    "category": "Business",
    "chart_type": "Top Grossing",
    "rank": 13,
    "rating": 4.25209,
    "revenue": 900000,
    "downloads": 300000,
    "has_iap": true,
    "price": 0.0,
    "release_date": "2021-12-04T00:00:00Z",
    "updated_date": "2026-02-12T00:00:00Z",
    "app_age_years": 4.2,
    "charts": [
      {
        "category": "Business",
        "chart": "Top Grossing",
        "rank": 13
      }
    ]
  },
  {
    "app_id": 592163563,
    "name": "Joist: Estimate Invoice Maker",
    "publisher_name": "Joist Software Inc.",
    "icon_url": "https://is1-ssl.mzstatic.com/image/thumb/Purple211/v4/59/56/fd/5956fd44-8848-bd9b-5361-ca9e2ff02eab/JoistAppIcon-0-0-1x_U007emarketing-0-8-0-85-220.png/150x150bb.jpg",
    "category": "Business",
    "chart_type": "Top Grossing",
    "rank": 14,
    "rating": 4.72603,
    "revenue": 700000,
    "downloads": 1000,
    "has_iap": true,
    "price": 0.0,
    "release_date": "2017-01-11T00:00:00Z",
    "updated_date": "2026-01-27T00:00:00Z",
    "app_age_years": 9.1,
    "charts": [
      {
        "category": "Business",
        "chart": "Top Grossing",
        "rank": 14
      }
    ]
  },
  {
    "app_id": 540236748,
    "name": "Invoice2go: Easy Invoice Maker",
    "publisher_name": "Invoice2go.com",
    "icon_url": "https://is1-ssl.mzstatic.com/image/thumb/Purple221/v4/1e/94/ec/1e94ec7e-1f1a-4382-6b85-09eea80d5560/AppIcon-0-0-1x_U007emarketing-0-8-0-85-220.png/150x150bb.jpg",
    "category": "Business",
    "chart_type": "Top Grossing",
    "rank": 15,
    "rating": 4.85073,
    "revenue": 1000000,
    "downloads": 8000,
    "has_iap": true,
    "price": 0.0,
    "release_date": "2012-08-07T00:00:00Z",
    "updated_date": "2025-10-08T00:00:00Z",
    "app_age_years": 13.5,
    "charts": [
      {
        "category": "Business",
        "chart": "Top Grossing",
        "rank": 15
      }
    ]
  },
  {
    "app_id": 1568660349,
    "name": "Scanner App - Scan PDF & Docs",
    "publisher_name": "xStudios Mobile",
    "icon_url": "https://is1-ssl.mzstatic.com/image/thumb/Purple211/v4/71/49/d1/7149d16f-dcf8-6d99-a61c-56ddca18a3e7/AppIcon-0-0-1x_U007epad-0-1-0-85-220.jpeg/150x150bb.jpg",
    "category": "Business",
    "chart_type": "Top Grossing",
    "rank": 16,
    "rating": 4.60389,
    "revenue": 1000000,
    "downloads": 400000,
    "has_iap": true,
    "price": 0.0,
    "release_date": "2021-12-07T00:00:00Z",
    "updated_date": "2026-02-09T00:00:00Z",
    "app_age_years": 4.2,
    "charts": [
      {
        "category": "Business",
        "chart": "Top Grossing",
        "rank": 16
      }
    ]
  },
  {
    "app_id": 1040149161,
    "name": "ScanGuru: Document PDF Scanner",
    "publisher_name": "GM UniverseApps Limited",
    "icon_url": "https://is1-ssl.mzstatic.com/image/thumb/Purple211/v4/0c/92/c8/0c92c8f7-ea14-9f9e-74c6-ee1987775187/AppIcon-0-0-1x_U007epad-0-1-0-85-220.png/150x150bb.jpg",
    "category": "Business",
    "chart_type": "Top Grossing",
    "rank": 17,
    "rating": 4.60113,
    "revenue": 1000000,
    "downloads": 300000,
    "has_iap": true,
    "price": 0.0,
    "release_date": "2015-09-30T00:00:00Z",
    "updated_date": "2026-02-05T00:00:00Z",
    "app_age_years": 10.4,
    "charts": [
      {
        "category": "Business",
        "chart": "Top Grossing",
        "rank": 17
      }
    ]
  },
  {
    "app_id": 1151406354,
    "name": "FaxFree: Send Fax From iPhone",
    "publisher_name": "BPMobile",
    "icon_url": "https://is1-ssl.mzstatic.com/image/thumb/Purple211/v4/95/1b/7d/951b7db4-ca2d-8370-355d-0305d11c4fa1/AppIconFree-0-1x_U007epad-0-1-0-85-220-0.png/150x150bb.jpg",
    "category": "Business",
    "chart_type": "Top Grossing",
    "rank": 18,
    "rating": 4.78875,
    "revenue": 600000,
    "downloads": 50000,
    "has_iap": true,
    "price": 0.0,
    "release_date": "2016-09-16T00:00:00Z",
    "updated_date": "2025-09-02T00:00:00Z",
    "app_age_years": 9.4,
    "charts": [
      {
        "category": "Business",
        "chart": "Top Grossing",
        "rank": 18
      }
    ]
  },
  {
    "app_id": 595563753,
    "name": "Tiny Scanner - PDF Scanner App",
    "publisher_name": "TinyWork Apps",
    "icon_url": "https://is1-ssl.mzstatic.com/image/thumb/Purple211/v4/ba/9f/05/ba9f05d0-6d1d-7284-113c-23aaf4fab0f6/AppIconMain-0-0-1x_U007epad-0-1-0-0-85-220.png/150x150bb.jpg",
    "category": "Business",
    "chart_type": "Top Grossing",
    "rank": 19,
    "rating": 4.81722,
    "revenue": 600000,
    "downloads": 30000,
    "has_iap": true,
    "price": 0.0,
    "release_date": "2013-01-31T00:00:00Z",
    "updated_date": "2026-01-28T00:00:00Z",
    "app_age_years": 13.0,
    "charts": [
      {
        "category": "Business",
        "chart": "Top Grossing",
        "rank": 19
      }
    ]
  },
  {
    "app_id": 725335996,
    "name": "Booksy Biz: For Businesses",
    "publisher_name": "Booksy",
    "icon_url": "https://is1-ssl.mzstatic.com/image/thumb/Purple221/v4/cc/7a/b6/cc7ab69a-e246-13a9-56d4-f5bad6cafee3/AppIcon-0-0-1x_U007emarketing-0-6-0-85-220.png/150x150bb.jpg",
    "category": "Business",
    "chart_type": "Top Grossing",
    "rank": 20,
    "rating": 4.4992,
    "revenue": 500000,
    "downloads": 30000,
    "has_iap": true,
    "price": 0.0,
    "release_date": "2013-10-21T00:00:00Z",
    "updated_date": "2026-02-09T00:00:00Z",
    "app_age_years": 12.3,
    "charts": [
      {
        "category": "Business",
        "chart": "Top Grossing",
        "rank": 20
      }
    ]
  },
  {
    "app_id": 1500855883,
    "name": "CapCut: Photo & Video Editor",
    "publisher_name": "Bytedance Pte. Ltd",
    "icon_url": "https://is1-ssl.mzstatic.com/image/thumb/Purple221/v4/1c/c6/14/1cc61418-ad61-5c6f-d944-170261b829ec/AppIcon-0-0-1x_U007emarketing-0-8-0-85-220.png/150x150bb.jpg",
    "category": "Photo & Video",
    "chart_type": "Top Free",
    "rank": 1,
    "rating": 4.63493,
    "revenue": 49000000,
    "downloads": 14000000,
    "has_iap": true,
    "price": 0.0,
    "release_date": "2020-04-14T00:00:00Z",
    "updated_date": "2026-02-11T00:00:00Z",
    "app_age_years": 5.8,
    "charts": [
      {
        "category": "Photo & Video",
        "chart": "Top Free",
        "rank": 1
      },
      {
        "category": "Photo & Video",
        "chart": "Top Grossing",
        "rank": 3
      }
    ]
  },
  {
    "app_id": 389801252,
    "name": "Instagram",
    "publisher_name": "Instagram, Inc.",
    "icon_url": "https://is1-ssl.mzstatic.com/image/thumb/Purple221/v4/56/1c/57/561c573e-af66-ceea-1aa7-1859f9b3dbd9/Prod-0-0-1x_U007epad-0-1-0-sRGB-85-220.png/150x150bb.jpg",
    "category": "Photo & Video",
    "chart_type": "Top Free",
    "rank": 2,
    "rating": 4.69087,
    "revenue": 900000,
    "downloads": 7000000,
    "has_iap": true,
    "price": 0.0,
    "release_date": "2010-10-06T00:00:00Z",
    "updated_date": "2026-02-12T00:00:00Z",
    "app_age_years": 15.4,
    "charts": [
      {
        "category": "Photo & Video",
        "chart": "Top Free",
        "rank": 2
      }
    ]
  },
  {
    "app_id": 897446215,
    "name": "Canva: AI Photo & Video Editor",
    "publisher_name": "Canva",
    "icon_url": "https://is1-ssl.mzstatic.com/image/thumb/Purple221/v4/f1/9a/3e/f19a3e42-97be-d1ea-26c1-023269703db4/AppIcon-0-0-1x_U007epad-0-11-0-85-220.png/150x150bb.jpg",
    "category": "Photo & Video",
    "chart_type": "Top Free",
    "rank": 3,
    "rating": 4.87913,
    "revenue": 28000000,
    "downloads": 7000000,
    "has_iap": true,
    "price": 0.0,
    "release_date": "2014-10-15T00:00:00Z",
    "updated_date": "2026-02-07T00:00:00Z",
    "app_age_years": 11.3,
    "charts": [
      {
        "category": "Photo & Video",
        "chart": "Top Free",
        "rank": 3
      },
      {
        "category": "Photo & Video",
        "chart": "Top Grossing",
        "rank": 4
      }
    ]
  },
  {
    "app_id": 544007664,
    "name": "YouTube",
    "publisher_name": "Google",
    "icon_url": "https://is1-ssl.mzstatic.com/image/thumb/Purple211/v4/2a/5f/76/2a5f762d-602f-8078-8b4a-e0914cc81090/logo_youtube_2024_q4_color-0-1x_U007emarketing-0-0-0-7-0-0-0-85-220-0.png/150x150bb.jpg",
    "category": "Photo & Video",
    "chart_type": "Top Free",
    "rank": 4,
    "rating": 4.67756,
    "revenue": 183000000,
    "downloads": 7000000,
    "has_iap": true,
    "price": 0.0,
    "release_date": "2012-09-11T00:00:00Z",
    "updated_date": "2026-02-09T00:00:00Z",
    "app_age_years": 13.4,
    "charts": [
      {
        "category": "Photo & Video",
        "chart": "Top Free",
        "rank": 4
      },
      {
        "category": "Photo & Video",
        "chart": "Top Grossing",
        "rank": 1
      }
    ]
  },
  {
    "app_id": 1558240027,
    "name": "Meta AI - Vibes & AI Glasses",
    "publisher_name": "Meta Platforms, Inc.",
    "icon_url": "https://is1-ssl.mzstatic.com/image/thumb/Purple221/v4/32/d2/36/32d23688-b356-c906-6fbc-7046deef9017/AppIcon-0-0-1x_U007epad-0-1-0-sRGB-0-85-220.png/150x150bb.jpg",
    "category": "Photo & Video",
    "chart_type": "Top Free",
    "rank": 5,
    "rating": 4.66187,
    "revenue": 1000,
    "downloads": 3000000,
    "has_iap": false,
    "price": 0.0,
    "release_date": "2021-09-09T00:00:00Z",
    "updated_date": "2026-02-12T00:00:00Z",
    "app_age_years": 4.4,
    "charts": [
      {
        "category": "Photo & Video",
        "chart": "Top Free",
        "rank": 5
      }
    ]
  },
  {
    "app_id": 447188370,
    "name": "Snapchat",
    "publisher_name": "Snap, Inc.",
    "icon_url": "https://is1-ssl.mzstatic.com/image/thumb/Purple211/v4/95/53/20/9553206f-aaae-b209-3e14-b894197f3457/AppIcon-0-0-1x_U007epad-0-1-0-85-220.png/150x150bb.jpg",
    "category": "Photo & Video",
    "chart_type": "Top Free",
    "rank": 6,
    "rating": 4.49806,
    "revenue": 61000000,
    "downloads": 5000000,
    "has_iap": true,
    "price": 0.0,
    "release_date": "2011-07-13T00:00:00Z",
    "updated_date": "2026-02-11T00:00:00Z",
    "app_age_years": 14.6,
    "charts": [
      {
        "category": "Photo & Video",
        "chart": "Top Free",
        "rank": 6
      },
      {
        "category": "Photo & Video",
        "chart": "Top Grossing",
        "rank": 2
      }
    ]
  },
  {
    "app_id": 962194608,
    "name": "Google Photos: Backup & Edit",
    "publisher_name": "Google",
    "icon_url": "https://is1-ssl.mzstatic.com/image/thumb/Purple211/v4/e1/84/59/e1845902-afff-a9bb-6675-651804ffb64e/Photos-0-1x_U007epad-0-0-0-1-0-0-0-0-85-220-0.png/150x150bb.jpg",
    "category": "Photo & Video",
    "chart_type": "Top Free",
    "rank": 7,
    "rating": 4.80738,
    "revenue": 23000000,
    "downloads": 3000000,
    "has_iap": true,
    "price": 0.0,
    "release_date": "2015-05-28T00:00:00Z",
    "updated_date": "2026-02-05T00:00:00Z",
    "app_age_years": 10.7,
    "charts": [
      {
        "category": "Photo & Video",
        "chart": "Top Free",
        "rank": 7
      },
      {
        "category": "Photo & Video",
        "chart": "Top Grossing",
        "rank": 5
      }
    ]
  },
  {
    "app_id": 6744034028,
    "name": "Sora by OpenAI",
    "publisher_name": "OpenAI OpCo, LLC",
    "icon_url": "https://is1-ssl.mzstatic.com/image/thumb/Purple221/v4/b8/b4/8b/b8b48b6c-1a27-8985-cb12-56d6f9ec1d8e/AppIcon-0-0-1x_U007ephone-0-1-85-220.png/150x150bb.jpg",
    "category": "Photo & Video",
    "chart_type": "Top Free",
    "rank": 8,
    "rating": 4.76999,
    "revenue": 200000,
    "downloads": 1000000,
    "has_iap": true,
    "price": 0.0,
    "release_date": "2025-10-29T00:00:00Z",
    "updated_date": "2026-02-07T00:00:00Z",
    "app_age_years": 0.3,
    "charts": [
      {
        "category": "Photo & Video",
        "chart": "Top Free",
        "rank": 8
      }
    ]
  },
  {
    "app_id": 460177396,
    "name": "Twitch: Live Streaming",
    "publisher_name": "Twitch Interactive, Inc.",
    "icon_url": "https://is1-ssl.mzstatic.com/image/thumb/Purple211/v4/b9/0d/6a/b90d6ae7-1ac3-0535-b9f9-648448558f3f/TwitchAppIcon-0-0-1x_U007epad-0-1-0-0-0-0-85-220.png/150x150bb.jpg",
    "category": "Photo & Video",
    "chart_type": "Top Free",
    "rank": 9,
    "rating": 4.72053,
    "revenue": 20000,
    "downloads": 2000000,
    "has_iap": true,
    "price": 0.0,
    "release_date": "2011-10-26T00:00:00Z",
    "updated_date": "2026-02-10T00:00:00Z",
    "app_age_years": 14.3,
    "charts": [
      {
        "category": "Photo & Video",
        "chart": "Top Free",
        "rank": 9
      }
    ]
  },
  {
    "app_id": 6737417022,
    "name": "Pose: AI Photo Video Generator",
    "publisher_name": "Spark Dynamic",
    "icon_url": "https://is1-ssl.mzstatic.com/image/thumb/Purple211/v4/b7/fd/0f/b7fd0f9d-ed53-1635-8579-4bad13eeb772/AppIcon-0-0-1x_U007ephone-0-1-0-85-220.png/150x150bb.jpg",
    "category": "Photo & Video",
    "chart_type": "Top Free",
    "rank": 10,
    "rating": 4.66392,
    "revenue": 2000000,
    "downloads": 2000000,
    "has_iap": true,
    "price": 0.0,
    "release_date": "2025-02-05T00:00:00Z",
    "updated_date": "2026-02-09T00:00:00Z",
    "app_age_years": 1.0,
    "charts": [
      {
        "category": "Photo & Video",
        "chart": "Top Free",
        "rank": 10
      },
      {
        "category": "Photo & Video",
        "chart": "Top Grossing",
        "rank": 12
      }
    ]
  },
  {
    "app_id": 6738967378,
    "name": "Edits: Video Editor",
    "publisher_name": "Instagram, Inc.",
    "icon_url": "https://is1-ssl.mzstatic.com/image/thumb/Purple221/v4/dd/3d/d7/dd3dd79e-6583-db75-bfc4-cf1a912f7652/Prod-0-0-1x_U007ephone-0-0-0-1-0-0-sRGB-85-220.png/150x150bb.jpg",
    "category": "Photo & Video",
    "chart_type": "Top Free",
    "rank": 11,
    "rating": 4.75576,
    "revenue": 1000,
    "downloads": 4000000,
    "has_iap": false,
    "price": 0.0,
    "release_date": "2025-04-22T00:00:00Z",
    "updated_date": "2026-02-09T00:00:00Z",
    "app_age_years": 0.8,
    "charts": [
      {
        "category": "Photo & Video",
        "chart": "Top Free",
        "rank": 11
      }
    ]
  },
  {
    "app_id": 1540719743,
    "name": "Toonapp: AI Photo & Video Art",
    "publisher_name": "Lyrebird Studio",
    "icon_url": "https://is1-ssl.mzstatic.com/image/thumb/Purple211/v4/6e/a9/d2/6ea9d200-c820-c63e-34ea-090584cbad09/AppIcon-0-0-1x_U007ephone-0-1-0-0-85-220.png/150x150bb.jpg",
    "category": "Photo & Video",
    "chart_type": "Top Free",
    "rank": 12,
    "rating": 4.72147,
    "revenue": 600000,
    "downloads": 500000,
    "has_iap": true,
    "price": 0.0,
    "release_date": "2021-01-05T00:00:00Z",
    "updated_date": "2026-02-02T00:00:00Z",
    "app_age_years": 5.1,
    "charts": [
      {
        "category": "Photo & Video",
        "chart": "Top Free",
        "rank": 12
      }
    ]
  },
  {
    "app_id": 587366035,
    "name": "Picsart AI Photo Editor, Video",
    "publisher_name": "PicsArt, Inc.",
    "icon_url": "https://is1-ssl.mzstatic.com/image/thumb/Purple221/v4/d4/18/56/d4185671-6c15-f199-e579-9bf66a594756/AppIcon-0-0-1x_U007emarketing-0-8-0-sRGB-85-220.png/150x150bb.jpg",
    "category": "Photo & Video",
    "chart_type": "Top Free",
    "rank": 13,
    "rating": 4.66912,
    "revenue": 5000000,
    "downloads": 3000000,
    "has_iap": true,
    "price": 0.0,
    "release_date": "2013-01-02T00:00:00Z",
    "updated_date": "2026-02-09T00:00:00Z",
    "app_age_years": 13.1,
    "charts": [
      {
        "category": "Photo & Video",
        "chart": "Top Free",
        "rank": 13
      },
      {
        "category": "Photo & Video",
        "chart": "Top Grossing",
        "rank": 8
      }
    ]
  },
  {
    "app_id": 6478868302,
    "name": "AI Video - AI Video Generator",
    "publisher_name": "HUBX",
    "icon_url": "https://is1-ssl.mzstatic.com/image/thumb/Purple221/v4/24/f6/1f/24f61f83-6246-d0d8-beb3-55c35ea1508f/AppIcon-0-0-1x_U007ephone-0-1-85-220.png/150x150bb.jpg",
    "category": "Photo & Video",
    "chart_type": "Top Free",
    "rank": 14,
    "rating": 4.43329,
    "revenue": 1000000,
    "downloads": 2000000,
    "has_iap": true,
    "price": 0.0,
    "release_date": "2024-03-29T00:00:00Z",
    "updated_date": "2026-01-26T00:00:00Z",
    "app_age_years": 1.9,
    "charts": [
      {
        "category": "Photo & Video",
        "chart": "Top Free",
        "rank": 14
      },
      {
        "category": "Photo & Video",
        "chart": "Top Grossing",
        "rank": 17
      }
    ]
  },
  {
    "app_id": 6446202561,
    "name": "KICK - Live Streaming",
    "publisher_name": "Kick Streaming",
    "icon_url": "https://is1-ssl.mzstatic.com/image/thumb/Purple211/v4/3b/33/31/3b3331e5-be14-32a5-4d5e-f671f0d9b87d/AppIcon-0-0-1x_U007epad-0-1-85-220.png/150x150bb.jpg",
    "category": "Photo & Video",
    "chart_type": "Top Free",
    "rank": 15,
    "rating": 4.62648,
    "revenue": 1000000,
    "downloads": 1000000,
    "has_iap": true,
    "price": 0.0,
    "release_date": "2023-03-26T00:00:00Z",
    "updated_date": "2026-02-03T00:00:00Z",
    "app_age_years": 2.9,
    "charts": [
      {
        "category": "Photo & Video",
        "chart": "Top Free",
        "rank": 15
      }
    ]
  },
  {
    "app_id": 6478151677,
    "name": "TikTok Studio",
    "publisher_name": "TikTok Ltd.",
    "icon_url": "https://is1-ssl.mzstatic.com/image/thumb/Purple221/v4/65/44/f2/6544f213-d7d3-ef78-d40f-1f33aacf36c2/AppIcon-0-0-1x_U007ephone-0-1-0-85-220.png/150x150bb.jpg",
    "category": "Photo & Video",
    "chart_type": "Top Free",
    "rank": 16,
    "rating": 4.83284,
    "revenue": 1000,
    "downloads": 2000000,
    "has_iap": false,
    "price": 0.0,
    "release_date": "2024-06-20T00:00:00Z",
    "updated_date": "2026-01-23T00:00:00Z",
    "app_age_years": 1.6,
    "charts": [
      {
        "category": "Photo & Video",
        "chart": "Top Free",
        "rank": 16
      }
    ]
  },
  {
    "app_id": 6740037376,
    "name": "MePic\uff0dAI Photo Video Generator",
    "publisher_name": "Ocean Float Mobile",
    "icon_url": "https://is1-ssl.mzstatic.com/image/thumb/Purple221/v4/0a/60/02/0a6002d2-c539-f60b-e09d-26cde08833d5/AppIcon-0-1x_U007ephone-0-1-0-85-220-0.png/150x150bb.jpg",
    "category": "Photo & Video",
    "chart_type": "Top Free",
    "rank": 17,
    "rating": 4.73804,
    "revenue": 20000,
    "downloads": 10000,
    "has_iap": true,
    "price": 0.0,
    "release_date": "2025-07-06T00:00:00Z",
    "updated_date": "2026-02-11T00:00:00Z",
    "app_age_years": 0.6,
    "charts": [
      {
        "category": "Photo & Video",
        "chart": "Top Free",
        "rank": 17
      }
    ]
  },
  {
    "app_id": 1470373330,
    "name": "Remini - AI Photo Enhancer",
    "publisher_name": "Bending Spoons Apps ApS",
    "icon_url": "https://is1-ssl.mzstatic.com/image/thumb/Purple211/v4/b8/7f/b6/b87fb6b6-48f3-757d-4b37-8342ba6d9eb8/AppIcon-0-0-1x_U007epad-0-1-85-220.png/150x150bb.jpg",
    "category": "Photo & Video",
    "chart_type": "Top Free",
    "rank": 18,
    "rating": 4.62797,
    "revenue": 5000000,
    "downloads": 1000000,
    "has_iap": true,
    "price": 0.0,
    "release_date": "2019-08-01T00:00:00Z",
    "updated_date": "2026-02-11T00:00:00Z",
    "app_age_years": 6.5,
    "charts": [
      {
        "category": "Photo & Video",
        "chart": "Top Free",
        "rank": 18
      },
      {
        "category": "Photo & Video",
        "chart": "Top Grossing",
        "rank": 15
      }
    ]
  },
  {
    "app_id": 664425773,
    "name": "Canon PRINT",
    "publisher_name": "Canon Inc.",
    "icon_url": "https://is1-ssl.mzstatic.com/image/thumb/Purple221/v4/fa/35/13/fa35138b-f71d-9444-bb11-4bcc76e9221d/AppIcon-0-0-1x_U007epad-0-11-0-sRGB-85-220.png/150x150bb.jpg",
    "category": "Photo & Video",
    "chart_type": "Top Free",
    "rank": 19,
    "rating": 4.76783,
    "revenue": 1000,
    "downloads": 900000,
    "has_iap": false,
    "price": 0.0,
    "release_date": "2013-07-22T00:00:00Z",
    "updated_date": "2025-10-03T00:00:00Z",
    "app_age_years": 12.6,
    "charts": [
      {
        "category": "Photo & Video",
        "chart": "Top Free",
        "rank": 19
      }
    ]
  },
  {
    "app_id": 1455009060,
    "name": "Photoroom: AI Photo Editor",
    "publisher_name": "Photoroom",
    "icon_url": "https://is1-ssl.mzstatic.com/image/thumb/Purple211/v4/f1/bc/68/f1bc68aa-40a7-1311-293f-deb0ad6cb07d/AppIcon-0-0-1x_U007epad-0-1-sRGB-85-220.png/150x150bb.jpg",
    "category": "Photo & Video",
    "chart_type": "Top Free",
    "rank": 20,
    "rating": 4.83258,
    "revenue": 3000000,
    "downloads": 900000,
    "has_iap": true,
    "price": 0.0,
    "release_date": "2019-03-26T00:00:00Z",
    "updated_date": "2026-02-10T00:00:00Z",
    "app_age_years": 6.9,
    "charts": [
      {
        "category": "Photo & Video",
        "chart": "Top Free",
        "rank": 20
      },
      {
        "category": "Photo & Video",
        "chart": "Top Grossing",
        "rank": 14
      }
    ]
  },
  {
    "app_id": 1149994032,
    "name": "Facetune: Video & Photo Editor",
    "publisher_name": "Lightricks Ltd.",
    "icon_url": "https://is1-ssl.mzstatic.com/image/thumb/Purple221/v4/26/2b/40/262b40a2-0f4c-aee3-1e34-0cbea075dc6e/AppIconLiquidGlass-0-0-1x_U007epad-0-1-0-0-sRGB-85-220.png/150x150bb.jpg",
    "category": "Photo & Video",
    "chart_type": "Top Grossing",
    "rank": 6,
    "rating": 4.62056,
    "revenue": 10000000,
    "downloads": 700000,
    "has_iap": true,
    "price": 0.0,
    "release_date": "2016-11-24T00:00:00Z",
    "updated_date": "2026-02-10T00:00:00Z",
    "app_age_years": 9.2,
    "charts": [
      {
        "category": "Photo & Video",
        "chart": "Top Grossing",
        "rank": 6
      }
    ]
  },
  {
    "app_id": 1180884341,
    "name": "FaceApp: Perfect Face Editor",
    "publisher_name": "FaceApp Technology Limited",
    "icon_url": "https://is1-ssl.mzstatic.com/image/thumb/Purple221/v4/92/af/d1/92afd10b-b111-e150-0afc-0aebc9792a41/AppIcon-0-1x_U007epad-0-1-85-220-0.png/150x150bb.jpg",
    "category": "Photo & Video",
    "chart_type": "Top Grossing",
    "rank": 7,
    "rating": 4.72989,
    "revenue": 13000000,
    "downloads": 900000,
    "has_iap": true,
    "price": 0.0,
    "release_date": "2017-01-24T00:00:00Z",
    "updated_date": "2026-02-10T00:00:00Z",
    "app_age_years": 9.1,
    "charts": [
      {
        "category": "Photo & Video",
        "chart": "Top Grossing",
        "rank": 7
      }
    ]
  },
  {
    "app_id": 878783582,
    "name": "Lightroom: AI Photo Editor",
    "publisher_name": "Adobe Inc.",
    "icon_url": "https://is1-ssl.mzstatic.com/image/thumb/Purple221/v4/0f/24/f9/0f24f94b-95c3-2919-3033-87251592c5b7/AppIcon-0-1x_U007ephone-0-1-0-0-85-220-0.png/150x150bb.jpg",
    "category": "Photo & Video",
    "chart_type": "Top Grossing",
    "rank": 9,
    "rating": 4.77583,
    "revenue": 5000000,
    "downloads": 1000000,
    "has_iap": true,
    "price": 0.0,
    "release_date": "2014-06-22T00:00:00Z",
    "updated_date": "2026-01-20T00:00:00Z",
    "app_age_years": 11.6,
    "charts": [
      {
        "category": "Photo & Video",
        "chart": "Top Grossing",
        "rank": 9
      }
    ]
  },
  {
    "app_id": 409838725,
    "name": "Splice - Video Editor & Maker",
    "publisher_name": "Bending Spoons Apps ApS",
    "icon_url": "https://is1-ssl.mzstatic.com/image/thumb/Purple221/v4/51/8d/24/518d2460-911d-0055-e876-e0c7fa13c900/AppIcon-0-0-1x_U007epad-0-1-0-85-220.png/150x150bb.jpg",
    "category": "Photo & Video",
    "chart_type": "Top Grossing",
    "rank": 10,
    "rating": 4.59801,
    "revenue": 3000000,
    "downloads": 200000,
    "has_iap": true,
    "price": 0.0,
    "release_date": "2010-12-23T00:00:00Z",
    "updated_date": "2026-01-14T00:00:00Z",
    "app_age_years": 15.1,
    "charts": [
      {
        "category": "Photo & Video",
        "chart": "Top Grossing",
        "rank": 10
      }
    ]
  },
  {
    "app_id": 1438779037,
    "name": "Skylight App",
    "publisher_name": "Skylight Frame",
    "icon_url": "https://is1-ssl.mzstatic.com/image/thumb/Purple211/v4/ff/97/84/ff978422-5c52-476d-a8eb-d92c093e0e38/AppIcon-0-0-1x_U007emarketing-0-8-0-85-220.png/150x150bb.jpg",
    "category": "Photo & Video",
    "chart_type": "Top Grossing",
    "rank": 11,
    "rating": 4.80769,
    "revenue": 3000000,
    "downloads": 400000,
    "has_iap": true,
    "price": 0.0,
    "release_date": "2018-10-15T00:00:00Z",
    "updated_date": "2026-02-09T00:00:00Z",
    "app_age_years": 7.3,
    "charts": [
      {
        "category": "Photo & Video",
        "chart": "Top Grossing",
        "rank": 11
      }
    ]
  },
  {
    "app_id": 998411110,
    "name": "Airbrush: Face Photo Editor",
    "publisher_name": "PIXOCIAL TECHNOLOGY (SINGAPORE) PTE. LTD.",
    "icon_url": "https://is1-ssl.mzstatic.com/image/thumb/Purple211/v4/f9/c3/cb/f9c3cb09-dda8-d014-e4a3-96689d5ec704/AppIcon-0-0-1x_U007emarketing-0-11-0-85-220.png/150x150bb.jpg",
    "category": "Photo & Video",
    "chart_type": "Top Grossing",
    "rank": 13,
    "rating": 4.79903,
    "revenue": 3000000,
    "downloads": 400000,
    "has_iap": true,
    "price": 0.0,
    "release_date": "2015-10-08T00:00:00Z",
    "updated_date": "2026-02-10T00:00:00Z",
    "app_age_years": 10.3,
    "charts": [
      {
        "category": "Photo & Video",
        "chart": "Top Grossing",
        "rank": 13
      }
    ]
  },
  {
    "app_id": 6466298983,
    "name": "Retake AI Face & Selfie Editor",
    "publisher_name": "DEEP FLOW SOFTWARE SERVICES",
    "icon_url": "https://is1-ssl.mzstatic.com/image/thumb/Purple211/v4/bb/33/c7/bb33c7f6-02de-116e-be9b-1dbaa70205ff/alt2-0-0-1x_U007emarketing-0-11-0-85-220.png/150x150bb.jpg",
    "category": "Photo & Video",
    "chart_type": "Top Grossing",
    "rank": 16,
    "rating": 4.61774,
    "revenue": 3000000,
    "downloads": 1000000,
    "has_iap": true,
    "price": 0.0,
    "release_date": "2023-10-01T00:00:00Z",
    "updated_date": "2026-02-02T00:00:00Z",
    "app_age_years": 2.4,
    "charts": [
      {
        "category": "Photo & Video",
        "chart": "Top Grossing",
        "rank": 16
      }
    ]
  },
  {
    "app_id": 588013838,
    "name": "VSCO: Photo Editor & Presets",
    "publisher_name": "Visual Supply Company",
    "icon_url": "https://is1-ssl.mzstatic.com/image/thumb/Purple211/v4/d4/cc/0f/d4cc0f5c-cba6-abbf-dd54-7bb83d24f33c/app-icon-production-0-0-1x_U007epad-0-1-0-85-220.png/150x150bb.jpg",
    "category": "Photo & Video",
    "chart_type": "Top Grossing",
    "rank": 18,
    "rating": 4.69195,
    "revenue": 2000000,
    "downloads": 500000,
    "has_iap": true,
    "price": 0.0,
    "release_date": "2013-06-06T00:00:00Z",
    "updated_date": "2026-02-06T00:00:00Z",
    "app_age_years": 12.7,
    "charts": [
      {
        "category": "Photo & Video",
        "chart": "Top Grossing",
        "rank": 18
      }
    ]
  },
  {
    "app_id": 621574163,
    "name": "Amazon Photos: Photo & Video",
    "publisher_name": "AMZN Mobile LLC",
    "icon_url": "https://is1-ssl.mzstatic.com/image/thumb/Purple221/v4/ba/6a/9f/ba6a9f02-b414-ea93-7854-9e53cc67c380/AppIconRelease-0-1x_U007emarketing-0-8-0-85-220-0.png/150x150bb.jpg",
    "category": "Photo & Video",
    "chart_type": "Top Grossing",
    "rank": 19,
    "rating": 4.80335,
    "revenue": 1000000,
    "downloads": 500000,
    "has_iap": true,
    "price": 0.0,
    "release_date": "2013-05-09T00:00:00Z",
    "updated_date": "2026-01-28T00:00:00Z",
    "app_age_years": 12.8,
    "charts": [
      {
        "category": "Photo & Video",
        "chart": "Top Grossing",
        "rank": 19
      }
    ]
  },
  {
    "app_id": 1289057196,
    "name": "SCRL: Photo Collage Maker",
    "publisher_name": "Appostrophe AB",
    "icon_url": "https://is1-ssl.mzstatic.com/image/thumb/Purple211/v4/c3/7a/3c/c37a3c3c-207d-4536-5523-be0c20489f02/AppIcon-0-0-1x_U007emarketing-0-8-0-sRGB-85-220.png/150x150bb.jpg",
    "category": "Photo & Video",
    "chart_type": "Top Grossing",
    "rank": 20,
    "rating": 4.83403,
    "revenue": 3000000,
    "downloads": 2000000,
    "has_iap": true,
    "price": 0.0,
    "release_date": "2017-10-18T00:00:00Z",
    "updated_date": "2026-02-10T00:00:00Z",
    "app_age_years": 8.3,
    "charts": [
      {
        "category": "Photo & Video",
        "chart": "Top Grossing",
        "rank": 20
      }
    ]
  },
  {
    "app_id": 6448311069,
    "name": "ChatGPT",
    "publisher_name": "OpenAI OpCo, LLC",
    "icon_url": "https://is1-ssl.mzstatic.com/image/thumb/Purple211/v4/15/e7/6d/15e76db6-1414-40f4-57d7-d40e801c76d0/AppIcon-0-0-1x_U007epad-0-0-0-1-0-P3-85-220.png/150x150bb.jpg",
    "category": "Productivity",
    "chart_type": "Top Free",
    "rank": 1,
    "rating": 4.85613,
    "revenue": 238000000,
    "downloads": 26000000,
    "has_iap": true,
    "price": 0.0,
    "release_date": "2023-05-24T00:00:00Z",
    "updated_date": "2026-02-03T00:00:00Z",
    "app_age_years": 2.7,
    "charts": [
      {
        "category": "Productivity",
        "chart": "Top Free",
        "rank": 1
      },
      {
        "category": "Productivity",
        "chart": "Top Grossing",
        "rank": 1
      }
    ]
  },
  {
    "app_id": 6477489729,
    "name": "Google Gemini",
    "publisher_name": "Google",
    "icon_url": "https://is1-ssl.mzstatic.com/image/thumb/Purple221/v4/a4/26/f6/a426f619-5326-a203-f605-3ff613810f93/AppIcon-0-1x_U007epad-0-0-0-1-0-0-0-0-85-220-0.png/150x150bb.jpg",
    "category": "Productivity",
    "chart_type": "Top Free",
    "rank": 2,
    "rating": 4.72124,
    "revenue": 5000000,
    "downloads": 18000000,
    "has_iap": true,
    "price": 0.0,
    "release_date": "2024-11-13T00:00:00Z",
    "updated_date": "2026-02-11T00:00:00Z",
    "app_age_years": 1.2,
    "charts": [
      {
        "category": "Productivity",
        "chart": "Top Free",
        "rank": 2
      },
      {
        "category": "Productivity",
        "chart": "Top Grossing",
        "rank": 17
      }
    ]
  },
  {
    "app_id": 6670324846,
    "name": "Grok",
    "publisher_name": "xAI",
    "icon_url": "https://is1-ssl.mzstatic.com/image/thumb/Purple221/v4/10/b2/4c/10b24cf9-dc86-c590-1e55-c644595f55de/AppIcon-0-0-1x_U007epad-0-0-0-1-0-0-P3-85-220.png/150x150bb.jpg",
    "category": "Productivity",
    "chart_type": "Top Free",
    "rank": 3,
    "rating": 4.90165,
    "revenue": 12000000,
    "downloads": 8000000,
    "has_iap": true,
    "price": 0.0,
    "release_date": "2025-01-08T00:00:00Z",
    "updated_date": "2026-02-11T00:00:00Z",
    "app_age_years": 1.1,
    "charts": [
      {
        "category": "Productivity",
        "chart": "Top Free",
        "rank": 3
      },
      {
        "category": "Productivity",
        "chart": "Top Grossing",
        "rank": 3
      }
    ]
  },
  {
    "app_id": 6473753684,
    "name": "Claude by Anthropic",
    "publisher_name": "Anthropic PBC",
    "icon_url": "https://is1-ssl.mzstatic.com/image/thumb/Purple221/v4/78/af/af/78afaf80-0cd7-e887-96f9-21396f1c66ad/AppIcon-0-0-1x_U007epad-0-1-85-220.png/150x150bb.jpg",
    "category": "Productivity",
    "chart_type": "Top Free",
    "rank": 4,
    "rating": 4.69862,
    "revenue": 5000000,
    "downloads": 1000000,
    "has_iap": true,
    "price": 0.0,
    "release_date": "2024-05-01T00:00:00Z",
    "updated_date": "2026-02-09T00:00:00Z",
    "app_age_years": 1.8,
    "charts": [
      {
        "category": "Productivity",
        "chart": "Top Free",
        "rank": 4
      },
      {
        "category": "Productivity",
        "chart": "Top Grossing",
        "rank": 5
      }
    ]
  },
  {
    "app_id": 422689480,
    "name": "Gmail - Email by Google",
    "publisher_name": "Google",
    "icon_url": "https://is1-ssl.mzstatic.com/image/thumb/Purple211/v4/2c/74/ec/2c74ecb9-2cdd-7a3f-c909-d94a97e98424/logo_gmail_2020q4_color-0-0-1x_U007emarketing-0-0-0-7-0-0-0-0-85-220.png/150x150bb.jpg",
    "category": "Productivity",
    "chart_type": "Top Free",
    "rank": 5,
    "rating": 4.71561,
    "revenue": 31000000,
    "downloads": 7000000,
    "has_iap": true,
    "price": 0.0,
    "release_date": "2011-11-02T00:00:00Z",
    "updated_date": "2026-02-10T00:00:00Z",
    "app_age_years": 14.3,
    "charts": [
      {
        "category": "Productivity",
        "chart": "Top Free",
        "rank": 5
      },
      {
        "category": "Productivity",
        "chart": "Top Grossing",
        "rank": 2
      }
    ]
  },
  {
    "app_id": 983156458,
    "name": "Microsoft Authenticator",
    "publisher_name": "Microsoft Corporation",
    "icon_url": "https://is1-ssl.mzstatic.com/image/thumb/Purple211/v4/a3/fa/ce/a3facea4-6326-76ac-85ff-32574aa93c34/AppIcon-0-1x_U007emarketing-0-11-0-sRGB-85-220-0.png/150x150bb.jpg",
    "category": "Productivity",
    "chart_type": "Top Free",
    "rank": 6,
    "rating": 4.72898,
    "revenue": 1000,
    "downloads": 4000000,
    "has_iap": false,
    "price": 0.0,
    "release_date": "2015-05-30T00:00:00Z",
    "updated_date": "2026-02-03T00:00:00Z",
    "app_age_years": 10.7,
    "charts": [
      {
        "category": "Productivity",
        "chart": "Top Free",
        "rank": 6
      }
    ]
  },
  {
    "app_id": 842842640,
    "name": "Google Docs",
    "publisher_name": "Google",
    "icon_url": "https://is1-ssl.mzstatic.com/image/thumb/Purple211/v4/5b/26/77/5b267753-1313-21e1-2d6c-2dbf3ad2b033/docs_2020q4-0-1x_U007epad-0-0-0-1-0-0-0-85-220-0.png/150x150bb.jpg",
    "category": "Productivity",
    "chart_type": "Top Free",
    "rank": 7,
    "rating": 4.78971,
    "revenue": 1000,
    "downloads": 3000000,
    "has_iap": true,
    "price": 0.0,
    "release_date": "2014-04-30T00:00:00Z",
    "updated_date": "2026-02-09T00:00:00Z",
    "app_age_years": 11.8,
    "charts": [
      {
        "category": "Productivity",
        "chart": "Top Free",
        "rank": 7
      }
    ]
  },
  {
    "app_id": 507874739,
    "name": "Google Drive",
    "publisher_name": "Google",
    "icon_url": "https://is1-ssl.mzstatic.com/image/thumb/Purple221/v4/35/a4/22/35a42269-754c-9125-7724-9ac7f99bad9e/drive_2020q4-0-0-1x_U007epad-0-0-0-1-0-0-0-0-85-220.png/150x150bb.jpg",
    "category": "Productivity",
    "chart_type": "Top Free",
    "rank": 8,
    "rating": 4.77991,
    "revenue": 4000000,
    "downloads": 4000000,
    "has_iap": true,
    "price": 0.0,
    "release_date": "2012-06-28T00:00:00Z",
    "updated_date": "2026-02-09T00:00:00Z",
    "app_age_years": 13.6,
    "charts": [
      {
        "category": "Productivity",
        "chart": "Top Free",
        "rank": 8
      },
      {
        "category": "Productivity",
        "chart": "Top Grossing",
        "rank": 19
      }
    ]
  },
  {
    "app_id": 951937596,
    "name": "Microsoft Outlook",
    "publisher_name": "Microsoft Corporation",
    "icon_url": "https://is1-ssl.mzstatic.com/image/thumb/Purple221/v4/7e/01/ab/7e01ab4f-ae3e-0207-e4bb-403df082e9f5/AppIcon-outlook.prod-0-0-1x_U007epad-0-1-0-0-85-220.png/150x150bb.jpg",
    "category": "Productivity",
    "chart_type": "Top Free",
    "rank": 9,
    "rating": 4.7961,
    "revenue": 2000000,
    "downloads": 3000000,
    "has_iap": true,
    "price": 0.0,
    "release_date": "2015-01-29T00:00:00Z",
    "updated_date": "2026-02-10T00:00:00Z",
    "app_age_years": 11.0,
    "charts": [
      {
        "category": "Productivity",
        "chart": "Top Free",
        "rank": 9
      }
    ]
  },
  {
    "app_id": 842849113,
    "name": "Google Sheets",
    "publisher_name": "Google",
    "icon_url": "https://is1-ssl.mzstatic.com/image/thumb/Purple221/v4/61/0a/b7/610ab7b4-401e-6f22-45d8-fd537aeb63ac/sheets_2020q4-0-1x_U007epad-0-0-0-1-0-0-0-85-220-0.png/150x150bb.jpg",
    "category": "Productivity",
    "chart_type": "Top Free",
    "rank": 10,
    "rating": 4.80848,
    "revenue": 1000,
    "downloads": 3000000,
    "has_iap": false,
    "price": 0.0,
    "release_date": "2014-04-30T00:00:00Z",
    "updated_date": "2026-02-09T00:00:00Z",
    "app_age_years": 11.8,
    "charts": [
      {
        "category": "Productivity",
        "chart": "Top Free",
        "rank": 10
      }
    ]
  },
  {
    "app_id": 586447913,
    "name": "Microsoft Word",
    "publisher_name": "Microsoft Corporation",
    "icon_url": "https://is1-ssl.mzstatic.com/image/thumb/Purple221/v4/cc/31/e2/cc31e2bf-3586-4e7b-9987-ea139b1d6a81/AppIcon-0-0-1x_U007epad-0-1-0-0-sRGB-0-0-0-85-220.png/150x150bb.jpg",
    "category": "Productivity",
    "chart_type": "Top Free",
    "rank": 11,
    "rating": 4.74087,
    "revenue": 10000000,
    "downloads": 3000000,
    "has_iap": true,
    "price": 0.0,
    "release_date": "2014-03-27T00:00:00Z",
    "updated_date": "2026-02-09T00:00:00Z",
    "app_age_years": 11.9,
    "charts": [
      {
        "category": "Productivity",
        "chart": "Top Free",
        "rank": 11
      },
      {
        "category": "Productivity",
        "chart": "Top Grossing",
        "rank": 11
      }
    ]
  },
  {
    "app_id": 6443686328,
    "name": "Link to Windows",
    "publisher_name": "Microsoft Corporation",
    "icon_url": "https://is1-ssl.mzstatic.com/image/thumb/Purple221/v4/8a/f6/c8/8af6c81b-c8a3-9932-3711-5064b7a05df7/AppIcon-0-1x_U007ephone-0-1-0-85-220-0.png/150x150bb.jpg",
    "category": "Productivity",
    "chart_type": "Top Free",
    "rank": 12,
    "rating": 3.97677,
    "revenue": 1000,
    "downloads": 2000000,
    "has_iap": false,
    "price": 0.0,
    "release_date": "2023-02-28T00:00:00Z",
    "updated_date": "2026-01-28T00:00:00Z",
    "app_age_years": 3.0,
    "charts": [
      {
        "category": "Productivity",
        "chart": "Top Free",
        "rank": 12
      }
    ]
  },
  {
    "app_id": 1370293473,
    "name": "VPN - Super Unlimited Proxy",
    "publisher_name": "Mobile Jump Pte Ltd",
    "icon_url": "https://is1-ssl.mzstatic.com/image/thumb/Purple221/v4/d2/f2/34/d2f234c8-8b68-a15c-13e2-de997ad8df60/AppIcon-0-0-1x_U007epad-0-1-0-sRGB-85-220.png/150x150bb.jpg",
    "category": "Productivity",
    "chart_type": "Top Free",
    "rank": 13,
    "rating": 4.62728,
    "revenue": 2000000,
    "downloads": 3000000,
    "has_iap": true,
    "price": 0.0,
    "release_date": "2018-05-15T00:00:00Z",
    "updated_date": "2026-02-11T00:00:00Z",
    "app_age_years": 7.7,
    "charts": [
      {
        "category": "Productivity",
        "chart": "Top Free",
        "rank": 13
      },
      {
        "category": "Productivity",
        "chart": "Top Grossing",
        "rank": 14
      }
    ]
  },
  {
    "app_id": 6472538445,
    "name": "Microsoft Copilot AI Assistant",
    "publisher_name": "Microsoft Corporation",
    "icon_url": "https://is1-ssl.mzstatic.com/image/thumb/Purple221/v4/ab/23/d7/ab23d77f-517b-1bad-859f-f80e1fe33eb6/AppIcon_Production-0-0-1x_U007epad-0-4-85-220.png/150x150bb.jpg",
    "category": "Productivity",
    "chart_type": "Top Free",
    "rank": 14,
    "rating": 4.84097,
    "revenue": 200000,
    "downloads": 1000000,
    "has_iap": true,
    "price": 0.0,
    "release_date": "2023-12-29T00:00:00Z",
    "updated_date": "2026-02-10T00:00:00Z",
    "app_age_years": 2.1,
    "charts": [
      {
        "category": "Productivity",
        "chart": "Top Free",
        "rank": 14
      }
    ]
  },
  {
    "app_id": 909319292,
    "name": "Google Calendar: Get Organized",
    "publisher_name": "Google",
    "icon_url": "https://is1-ssl.mzstatic.com/image/thumb/Purple221/v4/a5/32/c4/a532c47c-3875-fc80-ba19-244c368ca331/calendar_2020q4-0-1x_U007epad-0-0-0-1-0-0-0-0-85-220-0.png/150x150bb.jpg",
    "category": "Productivity",
    "chart_type": "Top Free",
    "rank": 15,
    "rating": 4.53604,
    "revenue": 1000,
    "downloads": 2000000,
    "has_iap": true,
    "price": 0.0,
    "release_date": "2015-03-10T00:00:00Z",
    "updated_date": "2026-02-09T00:00:00Z",
    "app_age_years": 10.9,
    "charts": [
      {
        "category": "Productivity",
        "chart": "Top Free",
        "rank": 15
      }
    ]
  },
  {
    "app_id": 879478102,
    "name": "Google Slides",
    "publisher_name": "Google",
    "icon_url": "https://is1-ssl.mzstatic.com/image/thumb/Purple221/v4/96/85/2a/96852a2e-92f0-87a4-85f8-5743314c2b2d/slides_2020q4-0-1x_U007epad-0-0-0-1-0-0-0-0-85-220-0.png/150x150bb.jpg",
    "category": "Productivity",
    "chart_type": "Top Free",
    "rank": 16,
    "rating": 4.67306,
    "revenue": 1000,
    "downloads": 1000000,
    "has_iap": false,
    "price": 0.0,
    "release_date": "2014-08-26T00:00:00Z",
    "updated_date": "2026-02-11T00:00:00Z",
    "app_age_years": 11.5,
    "charts": [
      {
        "category": "Productivity",
        "chart": "Top Free",
        "rank": 16
      }
    ]
  },
  {
    "app_id": 469284907,
    "name": "HP",
    "publisher_name": "HP Inc.",
    "icon_url": "https://is1-ssl.mzstatic.com/image/thumb/Purple221/v4/63/ba/ea/63baeabb-7a87-9a17-98f0-f814697fc440/AppIcon-0-0-1x_U007epad-0-1-0-0-85-220.png/150x150bb.jpg",
    "category": "Productivity",
    "chart_type": "Top Free",
    "rank": 17,
    "rating": 4.74085,
    "revenue": 1000,
    "downloads": 1000000,
    "has_iap": false,
    "price": 0.0,
    "release_date": "2011-10-19T00:00:00Z",
    "updated_date": "2025-12-09T00:00:00Z",
    "app_age_years": 14.3,
    "charts": [
      {
        "category": "Productivity",
        "chart": "Top Free",
        "rank": 17
      }
    ]
  },
  {
    "app_id": 541164041,
    "name": "Microsoft 365 Copilot",
    "publisher_name": "Microsoft Corporation",
    "icon_url": "https://is1-ssl.mzstatic.com/image/thumb/Purple221/v4/ac/94/84/ac948454-4977-4142-230e-47a6cb109b82/AppIcon-0-0-1x_U007epad-0-1-0-0-sRGB-0-85-220.png/150x150bb.jpg",
    "category": "Productivity",
    "chart_type": "Top Free",
    "rank": 18,
    "rating": 4.72091,
    "revenue": 3000000,
    "downloads": 1000000,
    "has_iap": true,
    "price": 0.0,
    "release_date": "2013-06-18T00:00:00Z",
    "updated_date": "2026-02-11T00:00:00Z",
    "app_age_years": 12.7,
    "charts": [
      {
        "category": "Productivity",
        "chart": "Top Free",
        "rank": 18
      }
    ]
  },
  {
    "app_id": 586683407,
    "name": "Microsoft Excel",
    "publisher_name": "Microsoft Corporation",
    "icon_url": "https://is1-ssl.mzstatic.com/image/thumb/Purple211/v4/97/fc/7c/97fc7c32-01f2-feb9-7ee6-ecb731a76ec7/AppIcon-0-0-1x_U007epad-0-1-0-0-sRGB-0-0-0-85-220.png/150x150bb.jpg",
    "category": "Productivity",
    "chart_type": "Top Free",
    "rank": 19,
    "rating": 4.75684,
    "revenue": 4000000,
    "downloads": 2000000,
    "has_iap": true,
    "price": 0.0,
    "release_date": "2014-03-27T00:00:00Z",
    "updated_date": "2026-02-09T00:00:00Z",
    "app_age_years": 11.9,
    "charts": [
      {
        "category": "Productivity",
        "chart": "Top Free",
        "rank": 19
      }
    ]
  },
  {
    "app_id": 477537958,
    "name": "Microsoft OneDrive",
    "publisher_name": "Microsoft Corporation",
    "icon_url": "https://is1-ssl.mzstatic.com/image/thumb/Purple211/v4/dd/57/24/dd57247a-4f8d-840a-9fab-8315746807b4/AppIcon-0-0-1x_U007epad-0-1-0-85-220.png/150x150bb.jpg",
    "category": "Productivity",
    "chart_type": "Top Free",
    "rank": 20,
    "rating": 4.70441,
    "revenue": 3000000,
    "downloads": 1000000,
    "has_iap": true,
    "price": 0.0,
    "release_date": "2011-12-13T00:00:00Z",
    "updated_date": "2026-02-02T00:00:00Z",
    "app_age_years": 14.2,
    "charts": [
      {
        "category": "Productivity",
        "chart": "Top Free",
        "rank": 20
      },
      {
        "category": "Productivity",
        "chart": "Top Grossing",
        "rank": 16
      }
    ]
  },
  {
    "app_id": 327630330,
    "name": "Dropbox: Cloud Storage Backup",
    "publisher_name": "Dropbox, Inc.",
    "icon_url": "https://is1-ssl.mzstatic.com/image/thumb/Purple221/v4/7f/07/df/7f07dfa3-9a30-6e5b-240c-b99917fb8a8f/AppIcon-0-0-1x_U007emarketing-0-8-0-85-220.png/150x150bb.jpg",
    "category": "Productivity",
    "chart_type": "Top Grossing",
    "rank": 4,
    "rating": 4.80682,
    "revenue": 15000000,
    "downloads": 700000,
    "has_iap": true,
    "price": 0.0,
    "release_date": "2009-09-29T00:00:00Z",
    "updated_date": "2026-02-09T00:00:00Z",
    "app_age_years": 16.4,
    "charts": [
      {
        "category": "Productivity",
        "chart": "Top Grossing",
        "rank": 4
      }
    ]
  },
  {
    "app_id": 1668000334,
    "name": "Perplexity - AI Search & Chat",
    "publisher_name": "Perplexity AI, Inc.",
    "icon_url": "https://is1-ssl.mzstatic.com/image/thumb/Purple211/v4/f5/4f/d4/f54fd4cd-d971-e4cf-29ea-0b05338b1cfd/AppIcon-0-0-1x_U007epad-0-0-0-1-0-0-85-220-0.png/150x150bb.jpg",
    "category": "Productivity",
    "chart_type": "Top Grossing",
    "rank": 6,
    "rating": 4.83861,
    "revenue": 2000000,
    "downloads": 1000000,
    "has_iap": true,
    "price": 0.0,
    "release_date": "2023-03-27T00:00:00Z",
    "updated_date": "2026-02-10T00:00:00Z",
    "app_age_years": 2.9,
    "charts": [
      {
        "category": "Productivity",
        "chart": "Top Grossing",
        "rank": 6
      }
    ]
  },
  {
    "app_id": 1209815023,
    "name": "Speechify \u2013 Text to Speech",
    "publisher_name": "Speechify Inc.",
    "icon_url": "https://is1-ssl.mzstatic.com/image/thumb/Purple211/v4/77/a8/18/77a8183c-34fe-b46c-a239-45e20d429fa9/AppIcon-0-0-1x_U007epad-0-0-0-1-0-0-85-220.png/150x150bb.jpg",
    "category": "Productivity",
    "chart_type": "Top Grossing",
    "rank": 7,
    "rating": 4.66822,
    "revenue": 2000000,
    "downloads": 500000,
    "has_iap": true,
    "price": 0.0,
    "release_date": "2017-03-02T00:00:00Z",
    "updated_date": "2026-02-06T00:00:00Z",
    "app_age_years": 9.0,
    "charts": [
      {
        "category": "Productivity",
        "chart": "Top Grossing",
        "rank": 7
      }
    ]
  },
  {
    "app_id": 388627783,
    "name": "CamScanner - PDF Scanner App",
    "publisher_name": "INTSIG Information Co., Ltd",
    "icon_url": "https://is1-ssl.mzstatic.com/image/thumb/Purple211/v4/80/7e/3f/807e3fde-b4c4-9f7b-6f44-d7d01702c254/AppIconLite-0-0-1x_U007ephone-0-6-0-0-sRGB-85-220.png/150x150bb.jpg",
    "category": "Productivity",
    "chart_type": "Top Grossing",
    "rank": 8,
    "rating": 4.85187,
    "revenue": 7000000,
    "downloads": 3000000,
    "has_iap": true,
    "price": 0.0,
    "release_date": "2010-08-28T00:00:00Z",
    "updated_date": "2026-02-09T00:00:00Z",
    "app_age_years": 15.5,
    "charts": [
      {
        "category": "Productivity",
        "chart": "Top Grossing",
        "rank": 8
      }
    ]
  },
  {
    "app_id": 1158877342,
    "name": "Grammarly: AI Writing Keyboard",
    "publisher_name": "Grammarly, Inc",
    "icon_url": "https://is1-ssl.mzstatic.com/image/thumb/Purple221/v4/88/45/15/88451552-4e74-9b54-c33d-0cb2ca8e0b15/AppIcon-0-0-1x_U007epad-0-1-sRGB-85-220.png/150x150bb.jpg",
    "category": "Productivity",
    "chart_type": "Top Grossing",
    "rank": 9,
    "rating": 4.66038,
    "revenue": 2000000,
    "downloads": 300000,
    "has_iap": true,
    "price": 0.0,
    "release_date": "2017-11-02T00:00:00Z",
    "updated_date": "2026-02-05T00:00:00Z",
    "app_age_years": 8.3,
    "charts": [
      {
        "category": "Productivity",
        "chart": "Top Grossing",
        "rank": 9
      }
    ]
  },
  {
    "app_id": 1661308505,
    "name": "ChatOn AI - Chat Bot Assistant",
    "publisher_name": "AIBY",
    "icon_url": "https://is1-ssl.mzstatic.com/image/thumb/Purple211/v4/0b/25/2d/0b252dad-ba01-b3dc-75d9-abfed3d95f5f/AppIcon-0-0-1x_U007ephone-0-1-0-sRGB-0-85-220.png/150x150bb.jpg",
    "category": "Productivity",
    "chart_type": "Top Grossing",
    "rank": 10,
    "rating": 4.70704,
    "revenue": 3000000,
    "downloads": 1000000,
    "has_iap": true,
    "price": 0.0,
    "release_date": "2023-01-13T00:00:00Z",
    "updated_date": "2026-02-05T00:00:00Z",
    "app_age_years": 3.1,
    "charts": [
      {
        "category": "Productivity",
        "chart": "Top Grossing",
        "rank": 10
      }
    ]
  },
  {
    "app_id": 1569379048,
    "name": "WeTransfer: Transfer Files",
    "publisher_name": "Wetransfer B.V.",
    "icon_url": "https://is1-ssl.mzstatic.com/image/thumb/Purple221/v4/3b/3b/86/3b3b8652-8ff1-bf86-56f1-3291ff8b8c52/AppIcon-0-0-1x_U007emarketing-0-8-0-0-sRGB-0-85-220.png/150x150bb.jpg",
    "category": "Productivity",
    "chart_type": "Top Grossing",
    "rank": 12,
    "rating": 4.84108,
    "revenue": 4000000,
    "downloads": 500000,
    "has_iap": true,
    "price": 0.0,
    "release_date": "2021-10-12T00:00:00Z",
    "updated_date": "2026-01-21T00:00:00Z",
    "app_age_years": 4.3,
    "charts": [
      {
        "category": "Productivity",
        "chart": "Top Grossing",
        "rank": 12
      }
    ]
  },
  {
    "app_id": 577586159,
    "name": "Yahoo Mail: Your smarter inbox",
    "publisher_name": "Yahoo",
    "icon_url": "https://is1-ssl.mzstatic.com/image/thumb/Purple221/v4/f4/43/2c/f4432c69-dee6-647c-67a4-056f1a2d1460/MailAppIcon-0-0-1x_U007emarketing-0-8-0-85-220.png/150x150bb.jpg",
    "category": "Productivity",
    "chart_type": "Top Grossing",
    "rank": 13,
    "rating": 4.69901,
    "revenue": 700000,
    "downloads": 700000,
    "has_iap": true,
    "price": 0.0,
    "release_date": "2012-12-10T00:00:00Z",
    "updated_date": "2026-02-09T00:00:00Z",
    "app_age_years": 13.2,
    "charts": [
      {
        "category": "Productivity",
        "chart": "Top Grossing",
        "rank": 13
      }
    ]
  },
  {
    "app_id": 6447763703,
    "name": "ChatBox AI - Chatbot Assistant",
    "publisher_name": "FLORATE LIMITED",
    "icon_url": "https://is1-ssl.mzstatic.com/image/thumb/Purple221/v4/c8/f2/34/c8f23431-76ad-47f3-93fd-30163427a9f8/AppIcon-0-0-1x_U007ephone-0-0-0-1-0-0-sRGB-85-220.png/150x150bb.jpg",
    "category": "Productivity",
    "chart_type": "Top Grossing",
    "rank": 15,
    "rating": 4.6553,
    "revenue": 1000000,
    "downloads": 200000,
    "has_iap": true,
    "price": 0.0,
    "release_date": "2023-04-21T00:00:00Z",
    "updated_date": "2026-02-09T00:00:00Z",
    "app_age_years": 2.8,
    "charts": [
      {
        "category": "Productivity",
        "chart": "Top Grossing",
        "rank": 15
      }
    ]
  },
  {
    "app_id": 1276437113,
    "name": "Otter Transcribe Voice Notes",
    "publisher_name": "Otter.ai, Inc.",
    "icon_url": "https://is1-ssl.mzstatic.com/image/thumb/Purple211/v4/75/cc/80/75cc803c-a22b-2ef6-37d2-9baf6adb8058/AppIcon-1x_U007emarketing-0-11-0-85-220-0.png/150x150bb.jpg",
    "category": "Productivity",
    "chart_type": "Top Grossing",
    "rank": 18,
    "rating": 4.72952,
    "revenue": 1000000,
    "downloads": 200000,
    "has_iap": true,
    "price": 0.0,
    "release_date": "2018-02-23T00:00:00Z",
    "updated_date": "2026-02-02T00:00:00Z",
    "app_age_years": 8.0,
    "charts": [
      {
        "category": "Productivity",
        "chart": "Top Grossing",
        "rank": 18
      }
    ]
  },
  {
    "app_id": 287170072,
    "name": "Keeper Password Manager",
    "publisher_name": "Callpod Inc.",
    "icon_url": "https://is1-ssl.mzstatic.com/image/thumb/Purple211/v4/82/a2/5b/82a25bff-8947-2638-a7c4-c96488254338/AppIcon-0-0-1x_U007emarketing-0-8-0-85-220.png/150x150bb.jpg",
    "category": "Productivity",
    "chart_type": "Top Grossing",
    "rank": 20,
    "rating": 4.89842,
    "revenue": 900000,
    "downloads": 30000,
    "has_iap": true,
    "price": 0.0,
    "release_date": "2008-08-14T00:00:00Z",
    "updated_date": "2026-01-29T00:00:00Z",
    "app_age_years": 17.5,
    "charts": [
      {
        "category": "Productivity",
        "chart": "Top Grossing",
        "rank": 20
      }
    ]
  },
  {
    "app_id": 429047995,
    "name": "Pinterest",
    "publisher_name": "Pinterest",
    "icon_url": "https://is1-ssl.mzstatic.com/image/thumb/Purple221/v4/1e/4f/3d/1e4f3d47-629f-75f2-4fdc-6f8dedd7df94/AppIcon-0-0-1x_U007epad-0-1-0-0-0-85-220.png/150x150bb.jpg",
    "category": "Lifestyle",
    "chart_type": "Top Free",
    "rank": 1,
    "rating": 4.78199,
    "revenue": 1000,
    "downloads": 5000000,
    "has_iap": false,
    "price": 0.0,
    "release_date": "2011-04-28T00:00:00Z",
    "updated_date": "2026-02-04T00:00:00Z",
    "app_age_years": 14.8,
    "charts": [
      {
        "category": "Lifestyle",
        "chart": "Top Free",
        "rank": 1
      }
    ]
  },
  {
    "app_id": 1111876388,
    "name": "T-Life",
    "publisher_name": "T-Mobile",
    "icon_url": "https://is1-ssl.mzstatic.com/image/thumb/Purple211/v4/90/95/5e/90955ecd-8dc9-ba83-2f64-150ba93d04ca/AppIcon-0-0-1x_U007emarketing-0-8-0-sRGB-85-220.png/150x150bb.jpg",
    "category": "Lifestyle",
    "chart_type": "Top Free",
    "rank": 2,
    "rating": 4.79582,
    "revenue": 1000,
    "downloads": 800000,
    "has_iap": false,
    "price": 0.0,
    "release_date": null,
    "updated_date": "2026-01-25T00:00:00Z",
    "app_age_years": null,
    "charts": [
      {
        "category": "Lifestyle",
        "chart": "Top Free",
        "rank": 2
      }
    ]
  },
  {
    "app_id": 1498607143,
    "name": "Lemon8 - Lifestyle Community",
    "publisher_name": "TikTok Ltd.",
    "icon_url": "https://is1-ssl.mzstatic.com/image/thumb/Purple221/v4/ac/21/8c/ac218cec-d2d9-2b96-fab5-2659d7edafaa/AppIconOriginal-0-0-1x_U007emarketing-0-8-0-85-220.png/150x150bb.jpg",
    "category": "Lifestyle",
    "chart_type": "Top Free",
    "rank": 3,
    "rating": 4.60999,
    "revenue": 1000,
    "downloads": 3000000,
    "has_iap": false,
    "price": 0.0,
    "release_date": "2020-03-12T00:00:00Z",
    "updated_date": "2026-02-05T00:00:00Z",
    "app_age_years": 5.9,
    "charts": [
      {
        "category": "Lifestyle",
        "chart": "Top Free",
        "rank": 3
      }
    ]
  },
  {
    "app_id": 310738695,
    "name": "Zillow Real Estate & Rentals",
    "publisher_name": "Zillow.com",
    "icon_url": "https://is1-ssl.mzstatic.com/image/thumb/Purple221/v4/15/cd/f3/15cdf3d6-01bc-02a0-94b8-f89f9a7b58d9/AppIcon-0-0-1x_U007epad-0-1-0-85-220.png/150x150bb.jpg",
    "category": "Lifestyle",
    "chart_type": "Top Free",
    "rank": 4,
    "rating": 4.80068,
    "revenue": 1000,
    "downloads": 600000,
    "has_iap": false,
    "price": 0.0,
    "release_date": "2010-06-09T00:00:00Z",
    "updated_date": "2026-02-05T00:00:00Z",
    "app_age_years": 15.7,
    "charts": [
      {
        "category": "Lifestyle",
        "chart": "Top Free",
        "rank": 4
      }
    ]
  },
  {
    "app_id": 595287172,
    "name": "Hinge Dating App: Match & Date",
    "publisher_name": "Hinge, Inc.",
    "icon_url": "https://is1-ssl.mzstatic.com/image/thumb/Purple221/v4/a6/ce/a7/a6cea7e0-93ce-55d3-85c2-3d6d7c6e3772/AppIcon-0-0-1x_U007emarketing-0-6-0-85-220.png/150x150bb.jpg",
    "category": "Lifestyle",
    "chart_type": "Top Free",
    "rank": 5,
    "rating": 4.41835,
    "revenue": 22000000,
    "downloads": 1000000,
    "has_iap": true,
    "price": 0.0,
    "release_date": "2013-02-06T00:00:00Z",
    "updated_date": "2026-02-09T00:00:00Z",
    "app_age_years": 13.0,
    "charts": [
      {
        "category": "Lifestyle",
        "chart": "Top Free",
        "rank": 5
      },
      {
        "category": "Lifestyle",
        "chart": "Top Grossing",
        "rank": 2
      }
    ]
  },
  {
    "app_id": 926252661,
    "name": "Ring - Always Home",
    "publisher_name": "Ring.com",
    "icon_url": "https://is1-ssl.mzstatic.com/image/thumb/Purple221/v4/75/a7/36/75a736ce-844b-98e1-5f70-51d84edf235b/AppIcon-NH-0-0-1x_U007epad-0-1-0-85-220.png/150x150bb.jpg",
    "category": "Lifestyle",
    "chart_type": "Top Free",
    "rank": 6,
    "rating": 4.72078,
    "revenue": 1000,
    "downloads": 700000,
    "has_iap": false,
    "price": 0.0,
    "release_date": "2014-11-19T00:00:00Z",
    "updated_date": "2026-02-10T00:00:00Z",
    "app_age_years": 11.2,
    "charts": [
      {
        "category": "Lifestyle",
        "chart": "Top Free",
        "rank": 6
      }
    ]
  },
  {
    "app_id": 1673723000,
    "name": "Duet Dating App: Chat & Meet",
    "publisher_name": "WINK TECH LIMITED",
    "icon_url": "https://is1-ssl.mzstatic.com/image/thumb/Purple211/v4/48/5a/46/485a461c-f238-f794-6e0a-23e7cc4d232b/AppIcon-0-0-1x_U007ephone-0-1-0-sRGB-85-220.png/150x150bb.jpg",
    "category": "Lifestyle",
    "chart_type": "Top Free",
    "rank": 7,
    "rating": 4.57993,
    "revenue": 500000,
    "downloads": 400000,
    "has_iap": true,
    "price": 0.0,
    "release_date": "2023-02-26T00:00:00Z",
    "updated_date": "2026-02-11T00:00:00Z",
    "app_age_years": 3.0,
    "charts": [
      {
        "category": "Lifestyle",
        "chart": "Top Free",
        "rank": 7
      },
      {
        "category": "Lifestyle",
        "chart": "Top Grossing",
        "rank": 12
      }
    ]
  },
  {
    "app_id": 547702041,
    "name": "Tinder Dating App: Date & Chat",
    "publisher_name": "Tinder LLC",
    "icon_url": "https://is1-ssl.mzstatic.com/image/thumb/Purple211/v4/f0/72/f9/f072f915-9f20-6d1b-847a-d92922574df4/AppIcon-0-0-1x_U007emarketing-0-8-0-0-sRGB-0-85-220.png/150x150bb.jpg",
    "category": "Lifestyle",
    "chart_type": "Top Free",
    "rank": 8,
    "rating": 4.16362,
    "revenue": 64000000,
    "downloads": 2000000,
    "has_iap": true,
    "price": 0.0,
    "release_date": "2012-08-03T00:00:00Z",
    "updated_date": "2026-02-03T00:00:00Z",
    "app_age_years": 13.5,
    "charts": [
      {
        "category": "Lifestyle",
        "chart": "Top Free",
        "rank": 8
      },
      {
        "category": "Lifestyle",
        "chart": "Top Grossing",
        "rank": 1
      }
    ]
  },
  {
    "app_id": 1222822904,
    "name": "SmartThings",
    "publisher_name": "Samsung Electronics Co., Ltd.",
    "icon_url": "https://is1-ssl.mzstatic.com/image/thumb/Purple211/v4/b4/ad/7e/b4ad7e97-1eab-79b5-94ae-7708f8c4e20a/AppIcon-0-0-1x_U007epad-0-1-0-85-220.png/150x150bb.jpg",
    "category": "Lifestyle",
    "chart_type": "Top Free",
    "rank": 9,
    "rating": 4.57681,
    "revenue": 1000,
    "downloads": 1000000,
    "has_iap": false,
    "price": 0.0,
    "release_date": "2017-06-20T00:00:00Z",
    "updated_date": "2025-12-22T00:00:00Z",
    "app_age_years": 8.6,
    "charts": [
      {
        "category": "Lifestyle",
        "chart": "Top Free",
        "rank": 9
      }
    ]
  },
  {
    "app_id": 1662982304,
    "name": "Partiful Invites",
    "publisher_name": "Partiful",
    "icon_url": "https://is1-ssl.mzstatic.com/image/thumb/Purple221/v4/93/3a/cf/933acf1f-f1e3-47ac-8ead-73baae192c7f/AppIcon-0-0-1x_U007ephone-0-1-85-220.png/150x150bb.jpg",
    "category": "Lifestyle",
    "chart_type": "Top Free",
    "rank": 10,
    "rating": 4.96114,
    "revenue": 1000,
    "downloads": 300000,
    "has_iap": false,
    "price": 0.0,
    "release_date": "2023-08-21T00:00:00Z",
    "updated_date": "2026-02-10T00:00:00Z",
    "app_age_years": 2.5,
    "charts": [
      {
        "category": "Lifestyle",
        "chart": "Top Free",
        "rank": 10
      }
    ]
  },
  {
    "app_id": 723961236,
    "name": "Booksy for Customers",
    "publisher_name": "Booksy",
    "icon_url": "https://is1-ssl.mzstatic.com/image/thumb/Purple221/v4/4c/33/ba/4c33ba7d-b8a4-c3b7-182d-22df7dc67bc2/AppIcon-0-0-1x_U007emarketing-0-6-0-85-220.png/150x150bb.jpg",
    "category": "Lifestyle",
    "chart_type": "Top Free",
    "rank": 11,
    "rating": 4.92344,
    "revenue": 1000,
    "downloads": 500000,
    "has_iap": false,
    "price": 0.0,
    "release_date": "2013-10-21T00:00:00Z",
    "updated_date": "2026-02-12T00:00:00Z",
    "app_age_years": 12.3,
    "charts": [
      {
        "category": "Lifestyle",
        "chart": "Top Free",
        "rank": 11
      }
    ]
  },
  {
    "app_id": 327962480,
    "name": "Redfin: Buy, Sell & Rent Homes",
    "publisher_name": "Redfin",
    "icon_url": "https://is1-ssl.mzstatic.com/image/thumb/Purple221/v4/28/69/e1/2869e147-d288-1b32-13d5-1b4732e4e4ba/Redfin-Icon-0-0-1x_U007epad-0-0-0-1-0-0-sRGB-85-220.png/150x150bb.jpg",
    "category": "Lifestyle",
    "chart_type": "Top Free",
    "rank": 12,
    "rating": 4.80449,
    "revenue": 1000,
    "downloads": 100000,
    "has_iap": false,
    "price": 0.0,
    "release_date": "2009-08-31T00:00:00Z",
    "updated_date": "2026-02-11T00:00:00Z",
    "app_age_years": 16.5,
    "charts": [
      {
        "category": "Lifestyle",
        "chart": "Top Free",
        "rank": 12
      }
    ]
  },
  {
    "app_id": 680819774,
    "name": "Google Home",
    "publisher_name": "Google",
    "icon_url": "https://is1-ssl.mzstatic.com/image/thumb/Purple221/v4/88/ee/85/88ee850d-c363-e4fa-8d9e-5e9f55d2e621/logo_home_app_color-0-0-1x_U007epad-0-0-0-1-0-0-0-85-220.png/150x150bb.jpg",
    "category": "Lifestyle",
    "chart_type": "Top Free",
    "rank": 13,
    "rating": 4.56247,
    "revenue": 1000,
    "downloads": 1000000,
    "has_iap": false,
    "price": 0.0,
    "release_date": "2013-08-27T00:00:00Z",
    "updated_date": "2026-02-05T00:00:00Z",
    "app_age_years": 12.5,
    "charts": [
      {
        "category": "Lifestyle",
        "chart": "Top Free",
        "rank": 13
      }
    ]
  },
  {
    "app_id": 944011620,
    "name": "Amazon Alexa",
    "publisher_name": "AMZN Mobile LLC",
    "icon_url": "https://is1-ssl.mzstatic.com/image/thumb/Purple211/v4/bf/4a/ee/bf4aee1b-906d-bae9-de09-b55286856cda/AppIconRelease-0-1x_U007epad-0-0-0-10-0-0-0-85-220-0.png/150x150bb.jpg",
    "category": "Lifestyle",
    "chart_type": "Top Free",
    "rank": 14,
    "rating": 4.5564,
    "revenue": 30000,
    "downloads": 1000000,
    "has_iap": true,
    "price": 0.0,
    "release_date": "2017-10-29T00:00:00Z",
    "updated_date": "2026-02-09T00:00:00Z",
    "app_age_years": 8.3,
    "charts": [
      {
        "category": "Lifestyle",
        "chart": "Top Free",
        "rank": 14
      }
    ]
  },
  {
    "app_id": 993504342,
    "name": "LG ThinQ",
    "publisher_name": "LG Electronics, Inc.",
    "icon_url": "https://is1-ssl.mzstatic.com/image/thumb/Purple221/v4/10/af/6f/10af6f4b-6b71-b15b-4086-5d4cd241ffbb/AppIcon-0-1x_U007emarketing-0-8-0-0-85-220-0.png/150x150bb.jpg",
    "category": "Lifestyle",
    "chart_type": "Top Free",
    "rank": 15,
    "rating": 4.58678,
    "revenue": 1000,
    "downloads": 1000000,
    "has_iap": false,
    "price": 0.0,
    "release_date": "2016-09-08T00:00:00Z",
    "updated_date": "2026-02-11T00:00:00Z",
    "app_age_years": 9.4,
    "charts": [
      {
        "category": "Lifestyle",
        "chart": "Top Free",
        "rank": 15
      }
    ]
  },
  {
    "app_id": 456282559,
    "name": "myQ Garage & Access Control",
    "publisher_name": "The Chamberlain Group, Inc.",
    "icon_url": "https://is1-ssl.mzstatic.com/image/thumb/Purple221/v4/3e/6e/4b/3e6e4b05-08d2-d13f-e612-a19f254ef8eb/AppIcon-LiftMaster-0-1x_U007ephone-0-1-0-sRGB-85-220-0.png/150x150bb.jpg",
    "category": "Lifestyle",
    "chart_type": "Top Free",
    "rank": 16,
    "rating": 4.76213,
    "revenue": 1000,
    "downloads": 300000,
    "has_iap": false,
    "price": 0.0,
    "release_date": "2011-08-16T00:00:00Z",
    "updated_date": "2026-02-09T00:00:00Z",
    "app_age_years": 14.5,
    "charts": [
      {
        "category": "Lifestyle",
        "chart": "Top Free",
        "rank": 16
      }
    ]
  },
  {
    "app_id": 930441707,
    "name": "Bumble Dating App: Meet & Date",
    "publisher_name": "Bumble Holding Limited",
    "icon_url": "https://is1-ssl.mzstatic.com/image/thumb/Purple211/v4/4e/fa/9a/4efa9aa6-7b09-7679-dfa3-4bb4fe6be5e2/AppIcon-0-0-1x_U007ephone-0-1-0-85-220.png/150x150bb.jpg",
    "category": "Lifestyle",
    "chart_type": "Top Free",
    "rank": 17,
    "rating": 4.31386,
    "revenue": 19000000,
    "downloads": 1000000,
    "has_iap": true,
    "price": 0.0,
    "release_date": "2014-12-03T00:00:00Z",
    "updated_date": "2026-02-02T00:00:00Z",
    "app_age_years": 11.2,
    "charts": [
      {
        "category": "Lifestyle",
        "chart": "Top Free",
        "rank": 17
      },
      {
        "category": "Lifestyle",
        "chart": "Top Grossing",
        "rank": 3
      }
    ]
  },
  {
    "app_id": 1163786766,
    "name": "Alarmy - Loud alarm clock",
    "publisher_name": "Delight Room Co., Ltd.",
    "icon_url": "https://is1-ssl.mzstatic.com/image/thumb/Purple221/v4/52/d9/44/52d94456-4bf3-48e0-d0fa-4453c49f3cf0/AppIcon-0-0-1x_U007epad-0-1-85-220.png/150x150bb.jpg",
    "category": "Lifestyle",
    "chart_type": "Top Free",
    "rank": 18,
    "rating": 4.76743,
    "revenue": 500000,
    "downloads": 600000,
    "has_iap": true,
    "price": 0.0,
    "release_date": "2016-10-18T00:00:00Z",
    "updated_date": "2026-02-11T00:00:00Z",
    "app_age_years": 9.3,
    "charts": [
      {
        "category": "Lifestyle",
        "chart": "Top Free",
        "rank": 18
      }
    ]
  },
  {
    "app_id": 1455685357,
    "name": "Toyota",
    "publisher_name": "Toyota Motor Sales, U.S.A., Inc.",
    "icon_url": "https://is1-ssl.mzstatic.com/image/thumb/Purple211/v4/19/14/a6/1914a626-2e32-30f4-fb78-ceb34614d69d/AppIcon-0-0-1x_U007emarketing-0-8-0-sRGB-85-220-0.png/150x150bb.jpg",
    "category": "Lifestyle",
    "chart_type": "Top Free",
    "rank": 19,
    "rating": 4.8216,
    "revenue": 1000,
    "downloads": 200000,
    "has_iap": false,
    "price": 0.0,
    "release_date": null,
    "updated_date": "2026-02-04T00:00:00Z",
    "app_age_years": null,
    "charts": [
      {
        "category": "Lifestyle",
        "chart": "Top Free",
        "rank": 19
      }
    ]
  },
  {
    "app_id": 6738506984,
    "name": "Scrambly: Rewards for Steps",
    "publisher_name": "Scrambly",
    "icon_url": "https://is1-ssl.mzstatic.com/image/thumb/Purple221/v4/e0/34/9a/e0349aca-c0b5-8811-1061-88852c27d4ba/AppIcon-0-0-1x_U007emarketing-0-7-0-85-220.png/150x150bb.jpg",
    "category": "Lifestyle",
    "chart_type": "Top Free",
    "rank": 20,
    "rating": 4.76006,
    "revenue": 1000,
    "downloads": 200000,
    "has_iap": false,
    "price": 0.0,
    "release_date": null,
    "updated_date": "2026-02-05T00:00:00Z",
    "app_age_years": null,
    "charts": [
      {
        "category": "Lifestyle",
        "chart": "Top Free",
        "rank": 20
      }
    ]
  },
  {
    "app_id": 957215308,
    "name": "Raya",
    "publisher_name": "Raya App Inc",
    "icon_url": "https://is1-ssl.mzstatic.com/image/thumb/Purple211/v4/83/94/d4/8394d400-434c-11d2-1e5b-aa02095924c4/AppIcon-0-0-1x_U007ephone-0-1-0-sRGB-85-220.png/150x150bb.jpg",
    "category": "Lifestyle",
    "chart_type": "Top Grossing",
    "rank": 4,
    "rating": 4.05034,
    "revenue": 6000000,
    "downloads": 100000,
    "has_iap": true,
    "price": 0.0,
    "release_date": "2015-02-25T00:00:00Z",
    "updated_date": "2026-02-11T00:00:00Z",
    "app_age_years": 11.0,
    "charts": [
      {
        "category": "Lifestyle",
        "chart": "Top Grossing",
        "rank": 4
      }
    ]
  },
  {
    "app_id": 887914690,
    "name": "Feeld: Open-Minded Dating App",
    "publisher_name": "Feeld Ltd",
    "icon_url": "https://is1-ssl.mzstatic.com/image/thumb/Purple211/v4/e5/d5/74/e5d57464-a2fb-cb2f-7e9c-b08d54073f96/AppIcon-0-0-1x_U007ephone-0-3-0-85-220.png/150x150bb.jpg",
    "category": "Lifestyle",
    "chart_type": "Top Grossing",
    "rank": 5,
    "rating": 4.31159,
    "revenue": 4000000,
    "downloads": 200000,
    "has_iap": true,
    "price": 0.0,
    "release_date": "2014-06-29T00:00:00Z",
    "updated_date": "2026-02-10T00:00:00Z",
    "app_age_years": 11.6,
    "charts": [
      {
        "category": "Lifestyle",
        "chart": "Top Grossing",
        "rank": 5
      }
    ]
  },
  {
    "app_id": 1288415553,
    "name": "Wyze - Make Your Home Smarter",
    "publisher_name": "Wyze Labs",
    "icon_url": "https://is1-ssl.mzstatic.com/image/thumb/Purple211/v4/be/38/9b/be389b2b-bed7-31a9-a292-174f58196af1/AppIcon-0-0-1x_U007emarketing-0-8-0-85-220.png/150x150bb.jpg",
    "category": "Lifestyle",
    "chart_type": "Top Grossing",
    "rank": 6,
    "rating": 4.5972,
    "revenue": 3000000,
    "downloads": 100000,
    "has_iap": true,
    "price": 0.0,
    "release_date": "2017-10-14T00:00:00Z",
    "updated_date": "2026-02-02T00:00:00Z",
    "app_age_years": 8.3,
    "charts": [
      {
        "category": "Lifestyle",
        "chart": "Top Grossing",
        "rank": 6
      }
    ]
  },
  {
    "app_id": 1250946975,
    "name": "Hily Dating App: Meet. Date.",
    "publisher_name": "Hily Corp.",
    "icon_url": "https://is1-ssl.mzstatic.com/image/thumb/Purple211/v4/ae/84/33/ae8433f3-1cd5-514a-5ee1-07dde172e048/AppIcon-0-0-1x_U007epad-0-1-85-220.png/150x150bb.jpg",
    "category": "Lifestyle",
    "chart_type": "Top Grossing",
    "rank": 7,
    "rating": 4.30515,
    "revenue": 2000000,
    "downloads": 300000,
    "has_iap": true,
    "price": 0.0,
    "release_date": "2017-08-17T00:00:00Z",
    "updated_date": "2026-02-09T00:00:00Z",
    "app_age_years": 8.5,
    "charts": [
      {
        "category": "Lifestyle",
        "chart": "Top Grossing",
        "rank": 7
      }
    ]
  },
  {
    "app_id": 1137885597,
    "name": "Nanit",
    "publisher_name": "Udisense inc.",
    "icon_url": "https://is1-ssl.mzstatic.com/image/thumb/Purple211/v4/39/f3/be/39f3be5c-14ad-9428-b99e-74bdcb5059ad/AppIcon-0-0-1x_U007emarketing-0-8-0-85-220.png/150x150bb.jpg",
    "category": "Lifestyle",
    "chart_type": "Top Grossing",
    "rank": 8,
    "rating": 4.66529,
    "revenue": 2000000,
    "downloads": 50000,
    "has_iap": true,
    "price": 0.0,
    "release_date": "2016-11-19T00:00:00Z",
    "updated_date": "2026-02-09T00:00:00Z",
    "app_age_years": 9.2,
    "charts": [
      {
        "category": "Lifestyle",
        "chart": "Top Grossing",
        "rank": 8
      }
    ]
  },
  {
    "app_id": 690661663,
    "name": "PURE: Anonymous Dating App",
    "publisher_name": "Online Classifieds AG",
    "icon_url": "https://is1-ssl.mzstatic.com/image/thumb/Purple221/v4/53/c2/99/53c29981-e997-5a22-425f-9c510269b677/AppIcon-0-0-1x_U007ephone-0-1-0-85-220.jpeg/150x150bb.jpg",
    "category": "Lifestyle",
    "chart_type": "Top Grossing",
    "rank": 9,
    "rating": 4.31362,
    "revenue": 4000000,
    "downloads": 400000,
    "has_iap": true,
    "price": 0.0,
    "release_date": "2013-10-25T00:00:00Z",
    "updated_date": "2026-01-28T00:00:00Z",
    "app_age_years": 12.3,
    "charts": [
      {
        "category": "Lifestyle",
        "chart": "Top Grossing",
        "rank": 9
      }
    ]
  },
  {
    "app_id": 1459289784,
    "name": "Arlo Secure: Home Security",
    "publisher_name": "Arlo Technologies Inc.",
    "icon_url": "https://is1-ssl.mzstatic.com/image/thumb/Purple211/v4/32/2e/32/322e32e8-c619-67bf-0c14-ad934e342647/AppIcon-0-0-1x_U007emarketing-0-8-0-sRGB-85-220.png/150x150bb.jpg",
    "category": "Lifestyle",
    "chart_type": "Top Grossing",
    "rank": 10,
    "rating": 4.04051,
    "revenue": 1000000,
    "downloads": 90000,
    "has_iap": true,
    "price": 0.0,
    "release_date": "2019-09-04T00:00:00Z",
    "updated_date": "2026-02-09T00:00:00Z",
    "app_age_years": 6.4,
    "charts": [
      {
        "category": "Lifestyle",
        "chart": "Top Grossing",
        "rank": 10
      }
    ]
  },
  {
    "app_id": 893653132,
    "name": "The League: Intelligent Dating",
    "publisher_name": "The League App, Inc",
    "icon_url": "https://is1-ssl.mzstatic.com/image/thumb/Purple211/v4/59/e4/15/59e41546-9417-a1a2-0f2a-24e72080317a/AppIcon-0-0-1x_U007emarketing-0-8-0-85-220.jpeg/150x150bb.jpg",
    "category": "Lifestyle",
    "chart_type": "Top Grossing",
    "rank": 11,
    "rating": 4.19777,
    "revenue": 600000,
    "downloads": 70000,
    "has_iap": true,
    "price": 0.0,
    "release_date": "2014-09-08T00:00:00Z",
    "updated_date": "2026-02-09T00:00:00Z",
    "app_age_years": 11.4,
    "charts": [
      {
        "category": "Lifestyle",
        "chart": "Top Grossing",
        "rank": 11
      }
    ]
  },
  {
    "app_id": 6502307144,
    "name": "Coffee Meets Bagel: Dating App",
    "publisher_name": "Coffee Meets Bagel, Inc",
    "icon_url": "https://is1-ssl.mzstatic.com/image/thumb/Purple221/v4/0b/1c/05/0b1c052f-2365-cf2b-677b-dcc864310d7b/AppIcon-0-0-1x_U007ephone-0-0-0-1-0-0-sRGB-85-220.png/150x150bb.jpg",
    "category": "Lifestyle",
    "chart_type": "Top Grossing",
    "rank": 13,
    "rating": 4.36467,
    "revenue": 400000,
    "downloads": 80000,
    "has_iap": true,
    "price": 0.0,
    "release_date": "2024-06-24T00:00:00Z",
    "updated_date": "2026-02-09T00:00:00Z",
    "app_age_years": 1.6,
    "charts": [
      {
        "category": "Lifestyle",
        "chart": "Top Grossing",
        "rank": 13
      }
    ]
  },
  {
    "app_id": 879383901,
    "name": "Dil Mil: South Asian Dating",
    "publisher_name": "Dil Mil, Inc.",
    "icon_url": "https://is1-ssl.mzstatic.com/image/thumb/Purple211/v4/b9/7f/83/b97f831f-3869-1c05-3e66-1f35aa2809f6/AppIcon-0-0-1x_U007emarketing-0-11-0-85-220.png/150x150bb.jpg",
    "category": "Lifestyle",
    "chart_type": "Top Grossing",
    "rank": 14,
    "rating": 3.95982,
    "revenue": 400000,
    "downloads": 20000,
    "has_iap": true,
    "price": 0.0,
    "release_date": "2015-06-28T00:00:00Z",
    "updated_date": "2026-02-06T00:00:00Z",
    "app_age_years": 10.6,
    "charts": [
      {
        "category": "Lifestyle",
        "chart": "Top Grossing",
        "rank": 14
      }
    ]
  },
  {
    "app_id": 601174087,
    "name": "DOWN: The Casual Dating App",
    "publisher_name": "Down App, Inc.",
    "icon_url": "https://is1-ssl.mzstatic.com/image/thumb/Purple211/v4/82/04/53/82045356-140f-7498-992c-7b39bb31d3b0/AppIcon-1x_U007ephone-0-1-0-85-220-0.png/150x150bb.jpg",
    "category": "Lifestyle",
    "chart_type": "Top Grossing",
    "rank": 15,
    "rating": 4.30434,
    "revenue": 400000,
    "downloads": 100000,
    "has_iap": true,
    "price": 0.0,
    "release_date": "2013-05-01T00:00:00Z",
    "updated_date": "2026-02-03T00:00:00Z",
    "app_age_years": 12.8,
    "charts": [
      {
        "category": "Lifestyle",
        "chart": "Top Grossing",
        "rank": 15
      }
    ]
  },
  {
    "app_id": 1472718009,
    "name": "TP-Link Tapo",
    "publisher_name": "TP-Link Systems Inc.",
    "icon_url": "https://is1-ssl.mzstatic.com/image/thumb/Purple221/v4/66/b9/ad/66b9adfe-42c2-06d0-8a5e-32b897271320/AppIcon-0-0-1x_U007epad-0-11-0-sRGB-85-220.png/150x150bb.jpg",
    "category": "Lifestyle",
    "chart_type": "Top Grossing",
    "rank": 16,
    "rating": 4.81991,
    "revenue": 3000000,
    "downloads": 800000,
    "has_iap": true,
    "price": 0.0,
    "release_date": "2019-09-16T00:00:00Z",
    "updated_date": "2026-02-04T00:00:00Z",
    "app_age_years": 6.4,
    "charts": [
      {
        "category": "Lifestyle",
        "chart": "Top Grossing",
        "rank": 16
      }
    ]
  },
  {
    "app_id": 489940389,
    "name": "Paperless Post: Invitations",
    "publisher_name": "Paperless Post",
    "icon_url": "https://is1-ssl.mzstatic.com/image/thumb/Purple221/v4/d0/de/5f/d0de5ff0-9bd3-23e4-37fc-2ec6019f58a3/AppIcon-0-0-1x_U007emarketing-0-9-0-85-220.png/150x150bb.jpg",
    "category": "Lifestyle",
    "chart_type": "Top Grossing",
    "rank": 17,
    "rating": 4.8242,
    "revenue": 400000,
    "downloads": 40000,
    "has_iap": true,
    "price": 0.0,
    "release_date": "2012-02-22T00:00:00Z",
    "updated_date": "2026-02-09T00:00:00Z",
    "app_age_years": 14.0,
    "charts": [
      {
        "category": "Lifestyle",
        "chart": "Top Grossing",
        "rank": 17
      }
    ]
  },
  {
    "app_id": 1532791252,
    "name": "CHANI: Your Astrology Guide",
    "publisher_name": "Chani Nicholas Incorporated",
    "icon_url": "https://is1-ssl.mzstatic.com/image/thumb/Purple221/v4/be/6d/99/be6d999f-41d0-03ac-edb1-6c5fb6161e10/AppIcon-0-0-1x_U007epad-0-1-85-220.png/150x150bb.jpg",
    "category": "Lifestyle",
    "chart_type": "Top Grossing",
    "rank": 18,
    "rating": 4.91486,
    "revenue": 600000,
    "downloads": 30000,
    "has_iap": true,
    "price": 0.0,
    "release_date": "2020-12-17T00:00:00Z",
    "updated_date": "2025-12-18T00:00:00Z",
    "app_age_years": 5.2,
    "charts": [
      {
        "category": "Lifestyle",
        "chart": "Top Grossing",
        "rank": 18
      }
    ]
  },
  {
    "app_id": 1590590105,
    "name": "Owlet Dream",
    "publisher_name": "Owlet Baby Care, Inc.",
    "icon_url": "https://is1-ssl.mzstatic.com/image/thumb/Purple221/v4/3f/7c/fc/3f7cfc67-5890-1919-83c4-d6ff0f71c888/AppIcon.dream-0-0-1x_U007emarketing-0-8-0-sRGB-85-220.png/150x150bb.jpg",
    "category": "Lifestyle",
    "chart_type": "Top Grossing",
    "rank": 19,
    "rating": 4.54173,
    "revenue": 300000,
    "downloads": 80000,
    "has_iap": true,
    "price": 0.0,
    "release_date": "2021-12-01T00:00:00Z",
    "updated_date": "2026-02-05T00:00:00Z",
    "app_age_years": 4.2,
    "charts": [
      {
        "category": "Lifestyle",
        "chart": "Top Grossing",
        "rank": 19
      }
    ]
  },
  {
    "app_id": 1264782561,
    "name": "Co\u2013Star Personalized Astrology",
    "publisher_name": "Co-Star Astrology Society",
    "icon_url": "https://is1-ssl.mzstatic.com/image/thumb/Purple211/v4/c3/2c/87/c32c87fa-165a-ddee-90f1-0dcb6014cbff/AppIcon-0-0-1x_U007emarketing-0-2-0-85-220.png/150x150bb.jpg",
    "category": "Lifestyle",
    "chart_type": "Top Grossing",
    "rank": 20,
    "rating": 4.79125,
    "revenue": 600000,
    "downloads": 200000,
    "has_iap": true,
    "price": 0.0,
    "release_date": "2017-10-05T00:00:00Z",
    "updated_date": "2026-02-11T00:00:00Z",
    "app_age_years": 8.4,
    "charts": [
      {
        "category": "Lifestyle",
        "chart": "Top Grossing",
        "rank": 20
      }
    ]
  },
  {
    "app_id": 399857015,
    "name": "Planet Fitness",
    "publisher_name": "Planet Fitness Holdings, LLC",
    "icon_url": "https://is1-ssl.mzstatic.com/image/thumb/Purple221/v4/4f/c0/b6/4fc0b690-aa9a-f10b-628e-e66c46b797d3/appicon-1x_U007emarketing-0-8-0-85-220-0.png/150x150bb.jpg",
    "category": "Health & Fitness",
    "chart_type": "Top Free",
    "rank": 1,
    "rating": 4.87374,
    "revenue": 8000,
    "downloads": 800000,
    "has_iap": true,
    "price": 0.0,
    "release_date": "2010-11-04T00:00:00Z",
    "updated_date": "2026-02-09T00:00:00Z",
    "app_age_years": 15.3,
    "charts": [
      {
        "category": "Health & Fitness",
        "chart": "Top Free",
        "rank": 1
      }
    ]
  },
  {
    "app_id": 6480417616,
    "name": "Cal AI - Calorie Tracker",
    "publisher_name": "Viral Development LLC",
    "icon_url": "https://is1-ssl.mzstatic.com/image/thumb/Purple221/v4/9a/a0/27/9aa02780-ec08-bb49-9d12-942aa705bec9/AppIcon-0-1x_U007ephone-0-1-85-220-0.png/150x150bb.jpg",
    "category": "Health & Fitness",
    "chart_type": "Top Free",
    "rank": 2,
    "rating": 4.81383,
    "revenue": 4000000,
    "downloads": 1000000,
    "has_iap": true,
    "price": 0.0,
    "release_date": "2024-04-08T00:00:00Z",
    "updated_date": "2026-02-07T00:00:00Z",
    "app_age_years": 1.8,
    "charts": [
      {
        "category": "Health & Fitness",
        "chart": "Top Free",
        "rank": 2
      },
      {
        "category": "Health & Fitness",
        "chart": "Top Grossing",
        "rank": 7
      }
    ]
  },
  {
    "app_id": 6467718294,
    "name": "Blood Pressure-Monitor Tracker",
    "publisher_name": "Novabeyond Limited",
    "icon_url": "https://is1-ssl.mzstatic.com/image/thumb/Purple211/v4/9d/d6/21/9dd621f4-a3ae-f54c-5af4-bd1e410dc7a1/AppIcon-0-0-1x_U007ephone-0-1-0-85-220.jpeg/150x150bb.jpg",
    "category": "Health & Fitness",
    "chart_type": "Top Free",
    "rank": 3,
    "rating": 4.30025,
    "revenue": 800000,
    "downloads": 600000,
    "has_iap": true,
    "price": 0.0,
    "release_date": "2023-09-28T00:00:00Z",
    "updated_date": "2026-02-09T00:00:00Z",
    "app_age_years": 2.4,
    "charts": [
      {
        "category": "Health & Fitness",
        "chart": "Top Free",
        "rank": 3
      }
    ]
  },
  {
    "app_id": 1092799236,
    "name": "Yuka - Food & Cosmetic Scanner",
    "publisher_name": "Yuca",
    "icon_url": "https://is1-ssl.mzstatic.com/image/thumb/Purple221/v4/2c/58/41/2c5841f1-e9ff-c83f-fe50-4e5e7a5d60b0/AppIcon-0-1x_U007epad-0-1-0-85-220-0.png/150x150bb.jpg",
    "category": "Health & Fitness",
    "chart_type": "Top Free",
    "rank": 4,
    "rating": 4.81554,
    "revenue": 1000000,
    "downloads": 900000,
    "has_iap": true,
    "price": 0.0,
    "release_date": "2017-01-09T00:00:00Z",
    "updated_date": "2026-02-09T00:00:00Z",
    "app_age_years": 9.1,
    "charts": [
      {
        "category": "Health & Fitness",
        "chart": "Top Free",
        "rank": 4
      }
    ]
  },
  {
    "app_id": 341232718,
    "name": "MyFitnessPal: Calorie Counter",
    "publisher_name": "MyFitnessPal, Inc.",
    "icon_url": "https://is1-ssl.mzstatic.com/image/thumb/Purple221/v4/35/25/52/35255277-0b51-0525-4efa-a0870ef4cb6f/AppIcon-0-0-1x_U007emarketing-0-8-0-85-220.png/150x150bb.jpg",
    "category": "Health & Fitness",
    "chart_type": "Top Free",
    "rank": 5,
    "rating": 4.71393,
    "revenue": 15000000,
    "downloads": 1000000,
    "has_iap": true,
    "price": 0.0,
    "release_date": "2009-12-08T00:00:00Z",
    "updated_date": "2026-02-10T00:00:00Z",
    "app_age_years": 16.2,
    "charts": [
      {
        "category": "Health & Fitness",
        "chart": "Top Free",
        "rank": 5
      },
      {
        "category": "Health & Fitness",
        "chart": "Top Grossing",
        "rank": 1
      }
    ]
  },
  {
    "app_id": 1038369065,
    "name": "Flo Cycle & Period Tracker",
    "publisher_name": "FLO HEALTH UK LIMITED",
    "icon_url": "https://is1-ssl.mzstatic.com/image/thumb/Purple221/v4/c7/a3/06/c7a3064f-0542-8415-2de5-13cdd2e12e97/AppIcon-0-0-1x_U007ephone-0-1-0-sRGB-85-220.png/150x150bb.jpg",
    "category": "Health & Fitness",
    "chart_type": "Top Free",
    "rank": 6,
    "rating": 4.75767,
    "revenue": 10000000,
    "downloads": 3000000,
    "has_iap": true,
    "price": 0.0,
    "release_date": "2015-10-03T00:00:00Z",
    "updated_date": "2026-01-31T00:00:00Z",
    "app_age_years": 10.4,
    "charts": [
      {
        "category": "Health & Fitness",
        "chart": "Top Free",
        "rank": 6
      },
      {
        "category": "Health & Fitness",
        "chart": "Top Grossing",
        "rank": 2
      }
    ]
  },
  {
    "app_id": 426826309,
    "name": "Strava: Run, Bike, Walk",
    "publisher_name": "Strava, Inc.",
    "icon_url": "https://is1-ssl.mzstatic.com/image/thumb/Purple211/v4/26/ee/26/26ee2612-0a09-0d99-2b7f-6ebfdae5d5f0/AppIcon-0-0-1x_U007ephone-0-1-0-sRGB-85-220.png/150x150bb.jpg",
    "category": "Health & Fitness",
    "chart_type": "Top Free",
    "rank": 7,
    "rating": 4.81289,
    "revenue": 11000000,
    "downloads": 3000000,
    "has_iap": true,
    "price": 0.0,
    "release_date": "2011-03-24T00:00:00Z",
    "updated_date": "2026-02-11T00:00:00Z",
    "app_age_years": 14.9,
    "charts": [
      {
        "category": "Health & Fitness",
        "chart": "Top Free",
        "rank": 7
      },
      {
        "category": "Health & Fitness",
        "chart": "Top Grossing",
        "rank": 4
      }
    ]
  },
  {
    "app_id": 6477549878,
    "name": "Tolan: Alien Best Friend",
    "publisher_name": "Portola",
    "icon_url": "https://is1-ssl.mzstatic.com/image/thumb/Purple221/v4/59/24/33/59243378-a419-0c6c-b293-10b93fff6d58/AppIcon-0-0-1x_U007ephone-0-1-85-220.png/150x150bb.jpg",
    "category": "Health & Fitness",
    "chart_type": "Top Free",
    "rank": 8,
    "rating": 4.77952,
    "revenue": 200000,
    "downloads": 100000,
    "has_iap": true,
    "price": 0.0,
    "release_date": "2024-06-19T00:00:00Z",
    "updated_date": "2026-02-11T00:00:00Z",
    "app_age_years": 1.7,
    "charts": [
      {
        "category": "Health & Fitness",
        "chart": "Top Free",
        "rank": 8
      }
    ]
  },
  {
    "app_id": 1451295827,
    "name": "Impulse - Brain Training",
    "publisher_name": "GMRD Apps Limited",
    "icon_url": "https://is1-ssl.mzstatic.com/image/thumb/Purple221/v4/2d/be/bd/2dbebd22-e9af-1280-7e06-a2529e8746f5/AppIcon-0-0-1x_U007emarketing-0-8-0-0-85-220-0.png/150x150bb.jpg",
    "category": "Health & Fitness",
    "chart_type": "Top Free",
    "rank": 9,
    "rating": 4.74909,
    "revenue": 2000000,
    "downloads": 500000,
    "has_iap": true,
    "price": 0.0,
    "release_date": "2019-02-20T00:00:00Z",
    "updated_date": "2026-01-19T00:00:00Z",
    "app_age_years": 7.0,
    "charts": [
      {
        "category": "Health & Fitness",
        "chart": "Top Free",
        "rank": 9
      },
      {
        "category": "Health & Fitness",
        "chart": "Top Grossing",
        "rank": 13
      }
    ]
  },
  {
    "app_id": 876080126,
    "name": "Motivation - Daily quotes",
    "publisher_name": "Monkey Taps",
    "icon_url": "https://is1-ssl.mzstatic.com/image/thumb/Purple211/v4/f0/09/ef/f009efe9-11b0-6d15-1a09-3baa36a7e0f7/0_motivation-0-0-1x_U007epad-0-0-0-1-0-0-P3-85-220.png/150x150bb.jpg",
    "category": "Health & Fitness",
    "chart_type": "Top Free",
    "rank": 10,
    "rating": 4.83601,
    "revenue": 1000000,
    "downloads": 700000,
    "has_iap": true,
    "price": 0.0,
    "release_date": "2014-05-13T00:00:00Z",
    "updated_date": "2026-02-03T00:00:00Z",
    "app_age_years": 11.8,
    "charts": [
      {
        "category": "Health & Fitness",
        "chart": "Top Free",
        "rank": 10
      }
    ]
  },
  {
    "app_id": 1043837948,
    "name": "Oura",
    "publisher_name": "Oura Health Oy",
    "icon_url": "https://is1-ssl.mzstatic.com/image/thumb/Purple221/v4/76/ab/85/76ab855f-b764-86a0-33f6-2579042519a7/AppIcon-0-0-1x_U007ephone-0-1-0-85-220.png/150x150bb.jpg",
    "category": "Health & Fitness",
    "chart_type": "Top Free",
    "rank": 11,
    "rating": 4.85501,
    "revenue": 1000,
    "downloads": 400000,
    "has_iap": false,
    "price": 0.0,
    "release_date": "2016-01-14T00:00:00Z",
    "updated_date": "2026-02-10T00:00:00Z",
    "app_age_years": 10.1,
    "charts": [
      {
        "category": "Health & Fitness",
        "chart": "Top Free",
        "rank": 11
      }
    ]
  },
  {
    "app_id": 1528595748,
    "name": "Finch: Self-Care Pet",
    "publisher_name": "Finch Care Public Benefit Corporation",
    "icon_url": "https://is1-ssl.mzstatic.com/image/thumb/Purple221/v4/4b/e7/59/4be75915-036b-f578-1d4f-42dcd41a90f0/AppIcon-0-0-1x_U007emarketing-0-8-0-85-220.png/150x150bb.jpg",
    "category": "Health & Fitness",
    "chart_type": "Top Free",
    "rank": 12,
    "rating": 4.94962,
    "revenue": 2000000,
    "downloads": 600000,
    "has_iap": true,
    "price": 0.0,
    "release_date": "2021-05-12T00:00:00Z",
    "updated_date": "2026-02-10T00:00:00Z",
    "app_age_years": 4.8,
    "charts": [
      {
        "category": "Health & Fitness",
        "chart": "Top Free",
        "rank": 12
      },
      {
        "category": "Health & Fitness",
        "chart": "Top Grossing",
        "rank": 14
      }
    ]
  },
  {
    "app_id": 1453884781,
    "name": "RISE: Sleep Tracker",
    "publisher_name": "Rise Science Inc",
    "icon_url": "https://is1-ssl.mzstatic.com/image/thumb/Purple211/v4/c1/03/b9/c103b9c3-e55a-017d-b28a-d123ff95999f/App-Icon-Glass-0-0-1x_U007epad-0-1-0-sRGB-85-220.png/150x150bb.jpg",
    "category": "Health & Fitness",
    "chart_type": "Top Free",
    "rank": 13,
    "rating": 4.70474,
    "revenue": 400000,
    "downloads": 400000,
    "has_iap": true,
    "price": 0.0,
    "release_date": "2019-08-19T00:00:00Z",
    "updated_date": "2026-02-08T00:00:00Z",
    "app_age_years": 6.5,
    "charts": [
      {
        "category": "Health & Fitness",
        "chart": "Top Free",
        "rank": 13
      }
    ]
  },
  {
    "app_id": 6739765789,
    "name": "Olive - Holistic Food Scanner",
    "publisher_name": "Giga Studios, Inc",
    "icon_url": "https://is1-ssl.mzstatic.com/image/thumb/Purple221/v4/c8/a4/fe/c8a4fe27-ea7a-ea0b-646b-f5b917764251/AppIcon-0-0-1x_U007ephone-0-1-85-220.png/150x150bb.jpg",
    "category": "Health & Fitness",
    "chart_type": "Top Free",
    "rank": 14,
    "rating": 4.83822,
    "revenue": 400000,
    "downloads": 200000,
    "has_iap": true,
    "price": 0.0,
    "release_date": null,
    "updated_date": "2026-02-10T00:00:00Z",
    "app_age_years": null,
    "charts": [
      {
        "category": "Health & Fitness",
        "chart": "Top Free",
        "rank": 14
      }
    ]
  },
  {
    "app_id": 6468660073,
    "name": "iCardiac: Heart Health Monitor",
    "publisher_name": "BEGAMOB GLOBAL LIMITED",
    "icon_url": "https://is1-ssl.mzstatic.com/image/thumb/Purple211/v4/4a/16/22/4a1622f5-081d-77fd-775e-ade04cd730a8/AppIcon-0-0-1x_U007ephone-0-1-0-85-220.png/150x150bb.jpg",
    "category": "Health & Fitness",
    "chart_type": "Top Free",
    "rank": 15,
    "rating": 4.77552,
    "revenue": 900000,
    "downloads": 600000,
    "has_iap": true,
    "price": 0.0,
    "release_date": "2023-10-16T00:00:00Z",
    "updated_date": "2026-02-04T00:00:00Z",
    "app_age_years": 2.3,
    "charts": [
      {
        "category": "Health & Fitness",
        "chart": "Top Free",
        "rank": 15
      }
    ]
  },
  {
    "app_id": 912947244,
    "name": "ClassPass: Fitness, Spa, Salon",
    "publisher_name": "ClassPass, LLC",
    "icon_url": "https://is1-ssl.mzstatic.com/image/thumb/Purple221/v4/1f/f7/a6/1ff7a62e-32ba-098e-4838-7ec89118e171/AppIcon-0-0-1x_U007ephone-0-1-sRGB-85-220.png/150x150bb.jpg",
    "category": "Health & Fitness",
    "chart_type": "Top Free",
    "rank": 16,
    "rating": 4.83671,
    "revenue": 1000,
    "downloads": 400000,
    "has_iap": false,
    "price": 0.0,
    "release_date": "2014-12-18T00:00:00Z",
    "updated_date": "2026-02-04T00:00:00Z",
    "app_age_years": 11.2,
    "charts": [
      {
        "category": "Health & Fitness",
        "chart": "Top Free",
        "rank": 16
      }
    ]
  },
  {
    "app_id": 1264546236,
    "name": "BetterMe: Health Coaching",
    "publisher_name": "BetterMe Limited",
    "icon_url": "https://is1-ssl.mzstatic.com/image/thumb/Purple221/v4/77/91/57/7791579a-4673-3584-1b48-7b4cbf5854f1/AppIcon-0-0-1x_U007epad-0-1-0-0-85-220.png/150x150bb.jpg",
    "category": "Health & Fitness",
    "chart_type": "Top Free",
    "rank": 17,
    "rating": 4.66532,
    "revenue": 2000000,
    "downloads": 700000,
    "has_iap": true,
    "price": 0.0,
    "release_date": "2017-08-22T00:00:00Z",
    "updated_date": "2026-02-06T00:00:00Z",
    "app_age_years": 8.5,
    "charts": [
      {
        "category": "Health & Fitness",
        "chart": "Top Free",
        "rank": 17
      }
    ]
  },
  {
    "app_id": 1145935738,
    "name": "Cronometer: Calorie Counter",
    "publisher_name": "Cronometer Software Inc",
    "icon_url": "https://is1-ssl.mzstatic.com/image/thumb/Purple211/v4/2a/77/ed/2a77edcd-bc5a-027a-64c1-a76d1f48d074/CRONOMETER-GOLDAppIcon-0-0-1x_U007emarketing-0-8-0-85-220.png/150x150bb.jpg",
    "category": "Health & Fitness",
    "chart_type": "Top Free",
    "rank": 18,
    "rating": 4.77367,
    "revenue": 1000000,
    "downloads": 300000,
    "has_iap": true,
    "price": 0.0,
    "release_date": "2016-09-09T00:00:00Z",
    "updated_date": "2026-02-10T00:00:00Z",
    "app_age_years": 9.4,
    "charts": [
      {
        "category": "Health & Fitness",
        "chart": "Top Free",
        "rank": 18
      }
    ]
  },
  {
    "app_id": 1467720176,
    "name": "Simple: AI Weight Loss Coach",
    "publisher_name": "AM APPS",
    "icon_url": "https://is1-ssl.mzstatic.com/image/thumb/Purple221/v4/e2/b2/e4/e2b2e4a1-13dc-4274-e96f-5c701908aecb/AppIcon-0-0-1x_U007ephone-0-1-0-85-220.png/150x150bb.jpg",
    "category": "Health & Fitness",
    "chart_type": "Top Free",
    "rank": 19,
    "rating": 4.70146,
    "revenue": 300000,
    "downloads": 200000,
    "has_iap": true,
    "price": 0.0,
    "release_date": "2019-07-01T00:00:00Z",
    "updated_date": "2026-02-12T00:00:00Z",
    "app_age_years": 6.6,
    "charts": [
      {
        "category": "Health & Fitness",
        "chart": "Top Free",
        "rank": 19
      }
    ]
  },
  {
    "app_id": 1261033071,
    "name": "Aetna Health",
    "publisher_name": "Aetna Inc.",
    "icon_url": "https://is1-ssl.mzstatic.com/image/thumb/Purple211/v4/54/b5/1c/54b51cc8-8c24-e6b1-e8ab-75fc43781a09/AppIcon-0-1x_U007ephone-0-1-85-220-0.png/150x150bb.jpg",
    "category": "Health & Fitness",
    "chart_type": "Top Free",
    "rank": 20,
    "rating": 4.66871,
    "revenue": 1000,
    "downloads": 300000,
    "has_iap": false,
    "price": 0.0,
    "release_date": "2020-02-17T00:00:00Z",
    "updated_date": "2026-02-09T00:00:00Z",
    "app_age_years": 6.0,
    "charts": [
      {
        "category": "Health & Fitness",
        "chart": "Top Free",
        "rank": 20
      }
    ]
  },
  {
    "app_id": 1502936453,
    "name": "LADDER Strength Training Plans",
    "publisher_name": "Ladder Technologies, Inc.",
    "icon_url": "https://is1-ssl.mzstatic.com/image/thumb/Purple221/v4/13/33/d0/1333d02c-e5d9-2cf0-8a59-9cd66194c30c/AppIcon-0-1x_U007ephone-0-0-0-1-0-0-85-220-0.png/150x150bb.jpg",
    "category": "Health & Fitness",
    "chart_type": "Top Grossing",
    "rank": 3,
    "rating": 4.94623,
    "revenue": 5000000,
    "downloads": 300000,
    "has_iap": true,
    "price": 0.0,
    "release_date": "2020-06-23T00:00:00Z",
    "updated_date": "2026-01-28T00:00:00Z",
    "app_age_years": 5.6,
    "charts": [
      {
        "category": "Health & Fitness",
        "chart": "Top Grossing",
        "rank": 3
      }
    ]
  },
  {
    "app_id": 571800810,
    "name": "Calm",
    "publisher_name": "Calm.com",
    "icon_url": "https://is1-ssl.mzstatic.com/image/thumb/Purple221/v4/75/7d/b4/757db4fb-ef67-442f-b829-ffa373b13769/AppIcon-0-0-1x_U007emarketing-0-11-0-85-220.png/150x150bb.jpg",
    "category": "Health & Fitness",
    "chart_type": "Top Grossing",
    "rank": 5,
    "rating": 4.77442,
    "revenue": 6000000,
    "downloads": 300000,
    "has_iap": true,
    "price": 0.0,
    "release_date": "2013-02-22T00:00:00Z",
    "updated_date": "2026-01-29T00:00:00Z",
    "app_age_years": 13.0,
    "charts": [
      {
        "category": "Health & Fitness",
        "chart": "Top Grossing",
        "rank": 5
      }
    ]
  },
  {
    "app_id": 792750948,
    "name": "Peloton: Fitness & Workouts",
    "publisher_name": "Peloton Interactive, Inc.",
    "icon_url": "https://is1-ssl.mzstatic.com/image/thumb/Purple221/v4/30/fc/b4/30fcb4d2-b816-ab70-b51c-399fa541b7eb/peloton-white-0-0-1x_U007emarketing-0-8-0-sRGB-85-220.png/150x150bb.jpg",
    "category": "Health & Fitness",
    "chart_type": "Top Grossing",
    "rank": 6,
    "rating": 4.91904,
    "revenue": 4000000,
    "downloads": 70000,
    "has_iap": true,
    "price": 0.0,
    "release_date": "2014-02-15T00:00:00Z",
    "updated_date": "2026-02-02T00:00:00Z",
    "app_age_years": 12.0,
    "charts": [
      {
        "category": "Health & Fitness",
        "chart": "Top Grossing",
        "rank": 6
      }
    ]
  },
  {
    "app_id": 1477782599,
    "name": "Hume Health",
    "publisher_name": "FitTrack Inc",
    "icon_url": "https://is1-ssl.mzstatic.com/image/thumb/Purple211/v4/16/db/c7/16dbc741-f7d8-9478-379d-58a98dbe578f/AppIcon-0-0-1x_U007emarketing-0-8-0-85-220.png/150x150bb.jpg",
    "category": "Health & Fitness",
    "chart_type": "Top Grossing",
    "rank": 8,
    "rating": 4.20165,
    "revenue": 2000000,
    "downloads": 200000,
    "has_iap": true,
    "price": 0.0,
    "release_date": "2019-10-02T00:00:00Z",
    "updated_date": "2026-01-26T00:00:00Z",
    "app_age_years": 6.4,
    "charts": [
      {
        "category": "Health & Fitness",
        "chart": "Top Grossing",
        "rank": 8
      }
    ]
  },
  {
    "app_id": 1158048301,
    "name": "Hatch Sleep",
    "publisher_name": "Hatch Baby, Inc.",
    "icon_url": "https://is1-ssl.mzstatic.com/image/thumb/Purple221/v4/c0/1f/b4/c01fb41d-445e-80a4-7ad2-54b94d452aa1/AppIcon-0-0-1x_U007emarketing-0-8-0-85-220.jpeg/150x150bb.jpg",
    "category": "Health & Fitness",
    "chart_type": "Top Grossing",
    "rank": 9,
    "rating": 4.57077,
    "revenue": 3000000,
    "downloads": 100000,
    "has_iap": true,
    "price": 0.0,
    "release_date": "2017-01-23T00:00:00Z",
    "updated_date": "2026-02-09T00:00:00Z",
    "app_age_years": 9.1,
    "charts": [
      {
        "category": "Health & Fitness",
        "chart": "Top Grossing",
        "rank": 9
      }
    ]
  },
  {
    "app_id": 462638897,
    "name": "Fitbit: Health & Fitness",
    "publisher_name": "Google",
    "icon_url": "https://is1-ssl.mzstatic.com/image/thumb/Purple211/v4/99/65/b6/9965b664-41fb-d734-baa1-1f4a443341c2/AppIcon-0-1x_U007emarketing-0-0-0-1-0-0-sRGB-0-85-220-0.png/150x150bb.jpg",
    "category": "Health & Fitness",
    "chart_type": "Top Grossing",
    "rank": 10,
    "rating": 4.52121,
    "revenue": 3000000,
    "downloads": 200000,
    "has_iap": true,
    "price": 0.0,
    "release_date": "2012-05-14T00:00:00Z",
    "updated_date": "2026-02-10T00:00:00Z",
    "app_age_years": 13.7,
    "charts": [
      {
        "category": "Health & Fitness",
        "chart": "Top Grossing",
        "rank": 10
      }
    ]
  },
  {
    "app_id": 1553503471,
    "name": "MacroFactor - Macro Tracker",
    "publisher_name": "Stronger By Science Technologies LLC",
    "icon_url": "https://is1-ssl.mzstatic.com/image/thumb/Purple221/v4/75/04/e8/7504e84b-2b35-7073-0bcb-b39694623d4d/MacroFactorAppIcon-0-0-1x_U007epad-0-1-0-P3-85-220.png/150x150bb.jpg",
    "category": "Health & Fitness",
    "chart_type": "Top Grossing",
    "rank": 11,
    "rating": 4.81053,
    "revenue": 3000000,
    "downloads": 100000,
    "has_iap": true,
    "price": 0.0,
    "release_date": "2021-09-15T00:00:00Z",
    "updated_date": "2026-01-31T00:00:00Z",
    "app_age_years": 4.4,
    "charts": [
      {
        "category": "Health & Fitness",
        "chart": "Top Grossing",
        "rank": 11
      }
    ]
  },
  {
    "app_id": 493145008,
    "name": "Headspace: Meditation & Sleep",
    "publisher_name": "Headspace Inc.",
    "icon_url": "https://is1-ssl.mzstatic.com/image/thumb/Purple211/v4/25/89/91/258991b8-13d8-4928-9541-a105ec065b14/AppIcon-0-0-1x_U007epad-0-1-0-sRGB-85-220.png/150x150bb.jpg",
    "category": "Health & Fitness",
    "chart_type": "Top Grossing",
    "rank": 12,
    "rating": 4.84356,
    "revenue": 3000000,
    "downloads": 100000,
    "has_iap": true,
    "price": 0.0,
    "release_date": "2012-02-02T00:00:00Z",
    "updated_date": "2026-02-12T00:00:00Z",
    "app_age_years": 14.0,
    "charts": [
      {
        "category": "Health & Fitness",
        "chart": "Top Grossing",
        "rank": 12
      }
    ]
  },
  {
    "app_id": 405075943,
    "name": "AllTrails: Hike, Bike & Run",
    "publisher_name": "AllTrails, Inc.",
    "icon_url": "https://is1-ssl.mzstatic.com/image/thumb/Purple211/v4/b7/36/f6/b736f622-01d3-53ce-2bf1-fb2a946d4c11/AppIcon_Solid-0-0-1x_U007ephone-0-1-0-sRGB-85-220.png/150x150bb.jpg",
    "category": "Health & Fitness",
    "chart_type": "Top Grossing",
    "rank": 15,
    "rating": 4.89006,
    "revenue": 3000000,
    "downloads": 400000,
    "has_iap": true,
    "price": 0.0,
    "release_date": "2010-12-20T00:00:00Z",
    "updated_date": "2026-02-11T00:00:00Z",
    "app_age_years": 15.1,
    "charts": [
      {
        "category": "Health & Fitness",
        "chart": "Top Grossing",
        "rank": 15
      }
    ]
  },
  {
    "app_id": 297368629,
    "name": "Lose It! \u2013 Calorie Counter",
    "publisher_name": "FitNow",
    "icon_url": "https://is1-ssl.mzstatic.com/image/thumb/Purple221/v4/42/61/27/42612790-0f37-3235-c8d1-37d34b8d4269/AppIcon-0-1x_U007epad-0-8-0-85-220-0.png/150x150bb.jpg",
    "category": "Health & Fitness",
    "chart_type": "Top Grossing",
    "rank": 16,
    "rating": 4.76291,
    "revenue": 3000000,
    "downloads": 200000,
    "has_iap": true,
    "price": 0.0,
    "release_date": "2015-10-10T00:00:00Z",
    "updated_date": "2026-02-01T00:00:00Z",
    "app_age_years": 10.3,
    "charts": [
      {
        "category": "Health & Fitness",
        "chart": "Top Grossing",
        "rank": 16
      }
    ]
  },
  {
    "app_id": 1041517543,
    "name": "Fitbod: Gym & Fitness Planner",
    "publisher_name": "Fitbod Inc.",
    "icon_url": "https://is1-ssl.mzstatic.com/image/thumb/Purple221/v4/0b/4e/8d/0b4e8dc0-7d69-cc8c-5b1c-87eb05d2218a/AppIcon-0-1x_U007ephone-0-1-0-85-220-0.png/150x150bb.jpg",
    "category": "Health & Fitness",
    "chart_type": "Top Grossing",
    "rank": 17,
    "rating": 4.81788,
    "revenue": 2000000,
    "downloads": 300000,
    "has_iap": true,
    "price": 0.0,
    "release_date": "2015-09-26T00:00:00Z",
    "updated_date": "2026-01-28T00:00:00Z",
    "app_age_years": 10.4,
    "charts": [
      {
        "category": "Health & Fitness",
        "chart": "Top Grossing",
        "rank": 17
      }
    ]
  },
  {
    "app_id": 331308914,
    "name": "WeightWatchers Program",
    "publisher_name": "WW International, Inc.",
    "icon_url": "https://is1-ssl.mzstatic.com/image/thumb/Purple211/v4/f8/4d/29/f84d2995-7d19-77e4-7e6b-f5c4be962839/AppIcon-0-0-1x_U007emarketing-0-8-0-sRGB-85-220.png/150x150bb.jpg",
    "category": "Health & Fitness",
    "chart_type": "Top Grossing",
    "rank": 18,
    "rating": 4.84137,
    "revenue": 1000000,
    "downloads": 70000,
    "has_iap": true,
    "price": 0.0,
    "release_date": "2015-08-05T00:00:00Z",
    "updated_date": "2026-02-06T00:00:00Z",
    "app_age_years": 10.5,
    "charts": [
      {
        "category": "Health & Fitness",
        "chart": "Top Grossing",
        "rank": 18
      }
    ]
  },
  {
    "app_id": 337472899,
    "name": "Insight Timer\u2013Meditate & Sleep",
    "publisher_name": "Insight Network Inc",
    "icon_url": "https://is1-ssl.mzstatic.com/image/thumb/Purple221/v4/eb/cf/7e/ebcf7ed7-7d69-3719-12f4-aeacbed98865/AppIcon-0-0-1x_U007epad-0-1-85-220.png/150x150bb.jpg",
    "category": "Health & Fitness",
    "chart_type": "Top Grossing",
    "rank": 19,
    "rating": 4.89527,
    "revenue": 2000000,
    "downloads": 100000,
    "has_iap": true,
    "price": 0.0,
    "release_date": "2009-11-05T00:00:00Z",
    "updated_date": "2026-02-09T00:00:00Z",
    "app_age_years": 16.3,
    "charts": [
      {
        "category": "Health & Fitness",
        "chart": "Top Grossing",
        "rank": 19
      }
    ]
  },
  {
    "app_id": 287529757,
    "name": "Calorie Counter - MyNetDiary",
    "publisher_name": "MyNetDiary Inc.",
    "icon_url": "https://is1-ssl.mzstatic.com/image/thumb/Purple211/v4/81/b4/5d/81b45d73-7dee-ef12-cd7f-220355a16385/AppIconFree-0-0-1x_U007epad-0-0-0-1-0-0-85-220.png/150x150bb.jpg",
    "category": "Health & Fitness",
    "chart_type": "Top Grossing",
    "rank": 20,
    "rating": 4.81717,
    "revenue": 1000000,
    "downloads": 200000,
    "has_iap": true,
    "price": 0.0,
    "release_date": "2008-08-19T00:00:00Z",
    "updated_date": "2026-02-11T00:00:00Z",
    "app_age_years": 17.5,
    "charts": [
      {
        "category": "Health & Fitness",
        "chart": "Top Grossing",
        "rank": 20
      }
    ]
  }
]